@article{Schnakenberg1976,
  title = {Network theory of microscopic and macroscopic behavior of master equation systems},
  author = {Schnakenberg, J.},
  journal = {Rev. Mod. Phys.},
  volume = {48},
  issue = {4},
  pages = {571--585},
  numpages = {0},
  year = {1976},
  month = {Oct},
  publisher = {American Physical Society},
  doi = {10.1103/RevModPhys.48.571},
  url = {https://link.aps.org/doi/10.1103/RevModPhys.48.571}
}

@article{Shepelyansky2010,
  title = {Google matrix, dynamical attractors, and Ulam networks},
  author = {Shepelyansky, D. L. and Zhirov, O. V.},
  journal = {Phys. Rev. E},
  volume = {81},
  issue = {3},
  pages = {036213},
  numpages = {9},
  year = {2010},
  doi = {10.1103/PhysRevE.81.036213},
}

@article{Ermann2010,
  title = {Google matrix and Ulam networks of intermittency maps},
  author = {Ermann, L. and Shepelyansky, D. L.},
  journal = {Phys. Rev. E},
  volume = {81},
  issue = {3},
  pages = {036221},
  numpages = {7},
  year = {2010},
  doi = {10.1103/PhysRevE.81.036221},
}

@article{Chakhmakhchyan2013,
title = "PageRank model of opinion formation on Ulam networks",
journal = "Physics Letters A",
volume = "377",
number = "43",
pages = "3119 - 3123",
year = "2013",
doi = "10.1016/j.physleta.2013.10.003",
author = "L. Chakhmakhchyan and D. Shepelyansky",
}

@article{Frahm2018,
  title = {Small world of Ulam networks for chaotic Hamiltonian dynamics},
  author = {Frahm, K. M. and Shepelyansky, D. L.},
  journal = {Phys. Rev. E},
  volume = {98},
  issue = {3},
  pages = {032205},
  year = {2018},
  doi = {10.1103/PhysRevE.98.032205},
}

@article{Ermann2015,
  title = {Google matrix analysis of directed networks},
  author = {Ermann, L. and Frahm, K. M. and Shepelyansky, D. L.},
  journal = {Rev. Mod. Phys.},
  volume = {87},
  issue = {4},
  pages = {1261--1310},
  year = {2015},
  doi = {10.1103/RevModPhys.87.1261},
}

@inproceedings{Donner2012Nolta,
	Author = {R. V. Donner and J. F. Donges},
	booktitle = {Proc. 2012 Int. Symp. Nonlin. Theor. Appl. (NOLTA2012)},
	Pages = {435--438},
	Title = {{Identifying nonlinearities by time-reversal asymmetry of vertex properties in
visibility graphs}},
	Year = {2012}}

@inproceedings{Marwan2012Nolta,
	Author = {N. Marwan and J.H. Feldhoff and R.V. Donner and J.F. Donges and J. Kurths},
	booktitle = {Proc. 2012 Int. Symp. Nonlin. Theor. Appl. (NOLTA2012)},
	Pages = {231-234},
	Title = {{Detection of coupling directions with intersystem recurrence networks}},
	Year = {2012}}

@article{Mosdorf2015,
title = "Detection of two-phase flow patterns using the recurrence network analysis of pressure drop fluctuations",
journal = "International Communications in Heat and Mass Transfer",
volume = "64",
pages = "14 - 20",
year = "2015",
doi = "10.1016/j.icheatmasstransfer.2015.02.014",
author = "R. Mosdorf and G. G\'orski",
}





%@Article{Franke2017,
%author="Franke, J. G.
%and Donner, R. V.",
%title={{Dynamical anomalies in terrestrial proxies of North Atlantic climate variability during the last 2 ka}},
%journal="Climatic Change",
%year="2017",
%volume="143",
%number="1",
%pages="87--100",
%doi="10.1007/s10584-017-1979-z",
%}
%
%@article{Lacasa2018,
%title = "Visibility graphs and symbolic dynamics",
%journal = "Physica D",
%volume = "374-375",
%pages = "35 - 44",
%year = "2018",
%doi = "10.1016/j.physd.2018.04.001",
%author = "Lucas Lacasa and Wolfram Just",
%}
%
%@ARTICLE{Zhu2014b,
%author={G. Zhu and Y. Li and P. (. Wen},
%journal={IEEE Journal of Biomedical and Health Informatics},
%title={Analysis and Classification of Sleep Stages Based on Difference Visibility Graphs From a Single-Channel EEG Signal},
%year={2014},
%volume={18},
%number={6},
%pages={1813-1821},
%doi={10.1109/JBHI.2014.2303991},
%}
%
%@article{Zhou2012,
%author = {Zhou, T.-T. and Jin, N.-D. and Gao, Z.-K. and Luo, Y.-B.},
%title = {Limited penetrable visibility graph for establishing complex network from time series},
%year = {2012},
%journal = {Acta Physica Sinica},
%volume = {61},
%number = {3},
%eid = {30506},
%pages = {30506},
%doi = {10.7498/aps.61.030506}
%}    
%
%@article{Gao2013e,
%author = {Gao, Z.-K. and Hu, L.-D. and Zhou, T.-T. and Jin, N.-D.},
%title = {Limited penetrable visibility graph from two-phase flow for investigating flow pattern dynamics},
%year = {2013},
%journal = {Acta Physica Sinica},
%volume = {62},
%number = {11},
%eid = {110507},
%numpages = {0},
%pages = {110507},
%doi = {10.7498/aps.62.110507}
%}    
%
%@Article{Wang2016b,
%author="Wang, R. and Gao, J.-M. and Gao, Z.-Y. and Gao, X. and Jiang, H.-Q.",
%title="Complex network theory-based condition recognition of electromechanical system in process industry",
%journal="Science China Technological Sciences",
%year="2016",
%volume="59",
%number="4",
%pages="604--617",
%doi="10.1007/s11431-016-6025-2",
%}
%
%@article{Wang2016,
%title = {{Functional brain networks in Alzheimerâ€™s disease: EEG analysis based on limited penetrable visibility graph and phase space method}},
%journal = "Physica A",
%volume = "460",
%pages = "174 - 187",
%year = "2016",
%doi = "10.1016/j.physa.2016.05.012",
%author = "J. Wang and C. Yang and R. Wang and H. Yu and Y. Cao and J. Liu",
%}
%
%@article{Wang2017,
%title = {{EEG analysis of seizure patterns using visibility graphs for detection of generalized seizures}},
%journal = "Journal of Neuroscience Methods",
%volume = "290",
%pages = "85 - 94",
%year = "2017",
%doi = "10.1016/j.jneumeth.2017.07.013",
%author = "L. Wang and X. Long and J.B.A.M. Arends and R.M. Aarts",
%}
%
%@article{Wang2018c,
%  title = {Topological properties of the limited penetrable horizontal visibility graph family},
%  author = {Wang, M. and Vilela, A. L. M. and Du, R. and Zhao, L. and Dong, G. and Tian, L. and Stanley, H. E.},
%  journal = {Physical Review E},
%  volume = {97},
%  issue = {5},
%  pages = {052117},
%  year = {2018},
%  doi = {10.1103/PhysRevE.97.052117},
%}
%
%@Article{Nasrolahzadeh2018,
%author="Nasrolahzadeh, M.
%and Mohammadpoory, Z.
%and Haddadnia, J.",
%title="Analysis of heart rate signals during meditation using visibility graph complexity",
%journal="Cognitive Neurodynamics",
%year="2018",
%doi="10.1007/s11571-018-9501-5",
%pages={in press},
%}
%
%@article{Kim2008,
%title = "What is a complex graph?",
%journal = "Physica A",
%volume = "387",
%number = "11",
%pages = "2637 - 2652",
%year = "2008",
%doi = "10.1016/j.physa.2008.01.015",
%author = "J. Kim and T. Wilhelm",
%}
%
%@article{Sannino2017,
%author = {Sannino, S. and Stramaglia, S. and Lacasa, L. and Marinazzo, D.},
%title = {Visibility graphs for fMRI data: Multiplex temporal graphs and their modulations across resting-state networks},
%journal = {Network Neuroscience},
%volume = {1},
%number = {3},
%pages = {208-221},
%year = {2017},
%doi = {10.1162/NETN\_a\_00012},
%}
%
%@INPROCEEDINGS{Sengupta2013,
%author={A. Sengupta and A. Routray and S. Kar},
%booktitle={2013 Annual IEEE India Conference (INDICON)},
%title={Complex brain networks using Visibility Graph synchronization},
%year={2013},
%doi={10.1109/INDCON.2013.6726126},
%}
%
%@article{Donner2018,
%author = {Donner, R.V.  and Stolbova, V. and Balasis, G. and Donges, J.F. and Georgiou, M. and Potirakis, S.M. and Kurths, J.},
%title = {Temporal organization of magnetospheric fluctuations unveiled by recurrence patterns in the Dst index},
%journal = {Chaos},
%volume = {28},
%number = {8},
%pages = {085716},
%year = {2018},
%doi = {10.1063/1.5024792},
%}
%
%@ARTICLE{Donner2018b,
%   author = {{Donner}, R.~V. and {Balasis}, G. and {Stolbova}, V. and {Georgiou}, M. and 
%	{Wiedermann}, M. and {Kurths}, J.},
%    title = "{Recurrence based quantification of dynamical complexity in the Earth's magnetosphere at geospace storm timescales}",
%  journal = {ArXiv e-prints},
%archivePrefix = "arXiv",
%   eprint = {1801.09412},
% primaryClass = "physics.space-ph",
% keywords = {Physics - Space Physics},
%     year = 2018,
%}
%
%
%

%% new references should be included here



%% 18 July: The following references have been integrated into PhysRep2018N.bib %%
%%%%%%%%%%%%%%%%%%%%%%%%%%%%%%%%%%%%%%%%%%%%
%@article{Daw2003,
%author = {Daw, C. S.  and Finney, C. E. A.  and Tracy, E. R. },
%title = {A review of symbolic analysis of experimental data},
%journal = {Review of Scientific Instruments},
%volume = {74},
%number = {2},
%pages = {915-930},
%year = {2003},
%doi = {10.1063/1.1531823},
%}
%
%@article{Finn2003,
%author = {Finn, J. M.  and Goettee, J. D.  and Toroczkai, Z.  and Anghel, M.  and Wood, B. P. },
%title = {Estimation of entropies and dimensions by nonlinear symbolic time series analysis},
%journal = {Chaos},
%volume = {13},
%number = {2},
%pages = {444-456},
%year = {2003},
%doi = {10.1063/1.1555471},
%}
%
%@article{Grassberger1985,
%title = "Generating partitions for the dissipative {H}\'enon map",
%journal = "Physics Letters A",
%volume = "113",
%number = "5",
%pages = "235 - 238",
%year = "1985",
%doi = "10.1016/0375-9601(85)90016-7",
%author = "P. Grassberger and H. Kantz"
%}
%
%@article{Christiansen1996,
%  author={F. Christiansen and A. Politi},
%  title={Symbolic encoding in symplectic maps},
%  journal={Nonlinearity},
%  volume={9},
%  number={6},
%  pages={1623--1640},
%  year={1996},
%}
%	
%@article{Christiansen1997,
%title = "Guidelines for the construction of a generating partition in the standard map",
%journal = "Physica D",
%volume = "109",
%number = "1",
%pages = "32 - 41",
%year = "1997",
%doi = "10.1016/S0167-2789(97)00156-5",
%author = "F. Christiansen and A. Politi"
%}
%
%@article{Kennel2003,
%  title = {Estimating Good Discrete Partitions from Observed Data: Symbolic False Nearest Neighbors},
%  author = {Kennel, M. B. and Buhl, M.},
%  journal = {Physical Review Letters},
%  volume = {91},
%  issue = {8},
%  pages = {084102},
%  year = {2003},
%  doi = {10.1103/PhysRevLett.91.084102},
%}
%
%@article{Buhl2005,
%  title = {Statistically relaxing to generating partitions for observed time-series data},
%  author = {Buhl, M. and Kennel, M. B.},
%  journal = {Physical Review E},
%  volume = {71},
%  issue = {4},
%  pages = {046213},
%  year = {2005},
%  doi = {10.1103/PhysRevE.71.046213},
%}
%
%@article{Hirata2004,
%  title = {Estimating a generating partition from observed time series: Symbolic shadowing},
%  author = {Hirata, Y. and Judd, K. and Kilminster, D.},
%  journal = {Physical Review E},
%  volume = {70},
%  issue = {1},
%  pages = {016215},
%  year = {2004},
%  doi = {10.1103/PhysRevE.70.016215},
%}
%
%@article{Bollt2001,
%title = "What symbolic dynamics do we get with a misplaced partition?: On the validity of threshold crossings analysis of chaotic time-series",
%journal = "Physica D",
%volume = "154",
%number = "3",
%pages = "259 - 286",
%year = "2001",
%doi = "10.1016/S0167-2789(01)00242-1",
%author = "E. M. Bollt and T. Stanford and Y.-C. Lai and K. {\v{Z}}yczkowski",
%}
%
%@article{Ebeling1992,
%title = "Word frequency and entropy of symbolic sequences: a dynamical perspective",
%journal = "Chaos, Solitons \& Fractals",
%volume = "2",
%number = "6",
%pages = "635 - 650",
%year = "1992",
%doi = "10.1016/0960-0779(92)90058-U",
%author = "W. Ebeling and G. Nicolis"
%}
%
%@article{Lee1997,
%  title = {Periodicity of base correlation in nucleotide sequence},
%  author = {Lee, W. and Luo, L.},
%  journal = {Physical Review E},
%  volume = {56},
%  issue = {1},
%  pages = {848--851},
%  year = {1997},
%  doi = {10.1103/PhysRevE.56.848},
%}
%
%@article{Li1992,
%  author={W. Li and K. Kaneko},
%  title={Long-Range Correlation and Partial $1/f^\alpha$ Spectrum in a Noncoding DNA Sequence},
%  journal={EPL (Europhysics Letters)},
%  volume={17},
%  number={7},
%  pages={655},
%  year={1992},
%}
%	
%@article{Bandt2002,
%  title = {Permutation Entropy: A Natural Complexity Measure for Time Series},
%  author = {Bandt, C. and Pompe, B.},
%  journal = {Physical Review Letters},
%  volume = {88},
%  issue = {17},
%  pages = {174102},
%  year = {2002},
%  doi = {10.1103/PhysRevLett.88.174102},
%}
%
%@article{Staniek2008,
%  title = {Symbolic Transfer Entropy},
%  author = {Staniek, M. and Lehnertz, K.},
%  journal = {Physical Review Letters},
%  volume = {100},
%  issue = {15},
%  pages = {158101},
%  year = {2008},
%  doi = {10.1103/PhysRevLett.100.158101},
%}
%
%@Article{Grassberger1986,
%author="Grassberger, P.",
%title="Toward a quantitative theory of self-generated complexity",
%journal="International Journal of Theoretical Physics",
%year="1986",
%volume="25",
%number="9",
%pages="907--938",
%doi="10.1007/BF00668821",
%}
%
%@article{Rosso2007,
%  title = {Distinguishing Noise from Chaos},
%  author = {Rosso, O. A. and Larrondo, H. A. and Martin, M. T. and Plastino, A. and Fuentes, M. A.},
%  journal = {Phys. Rev. Lett.},
%  volume = {99},
%  issue = {15},
%  pages = {154102},
%  year = {2007},
%  doi = {10.1103/PhysRevLett.99.154102},
%}
%
%@article{Amigo2007,
%  author={J. M. Amig\'o and S. Zambrano and M. A. F. Sanju\'an},
%  title={True and false forbidden patterns in deterministic and random dynamics},
%  journal={EPL (Europhysics Letters)},
%  volume={79},
%  number={5},
%  pages={50001},
%  year={2007},
%}
%	
%@article{Carpi2010,
%title = "Missing ordinal patterns in correlated noises",
%journal = "Physica A",
%volume = "389",
%number = "10",
%pages = "2020 - 2029",
%year = "2010",
%doi = "10.1016/j.physa.2010.01.030",
%author = "Laura C. Carpi and Patricia M. Saco and O.A. Rosso",
%}
%
%@book{Amigo2010,
%author = {Amig\'o, J.},
%booktitle = {Permutation Complexity in Dynamical Systems},
%publisher = {Spinger, Berlin/Heidelberg},
%year = {2010},
%doi = {10.1007/978-3-642-04084-9},
%}
%
%@article{Lindner2017Chaos,
%author = {Lindner, M. and Donner, R. V. },
%title = {Spatio-temporal organization of dynamics in a two-dimensional periodically driven vortex flow: A Lagrangian flow network perspective},
%journal = {Chaos},
%volume = {27},
%number = {3},
%pages = {035806},
%year = {2017},
%doi = {10.1063/1.4975126},
%}
%
%@Inbook{Donner2019Springer,
%author="Donner, R. V.
%and Lindner, M.l
%and Tupikina, L.
%and Molkenthin, N.",
%editor="Macau, E. E. N.",
%title="Characterizing Flows by Complex Network Methods",
%bookTitle="A Mathematical Modeling Approach from Nonlinear Dynamics to Complex Systems ",
%year="2019",
%publisher="Springer International Publishing",
%address="Cham",
%pages="197--226",
%doi="10.1007/978-3-319-78512-7_11",
%}
%
%@article{Ser-Giacomi2015,
%author = {Ser-Giacomi, E. and Rossi,V. and L\'opez, C. and Hern\'andez-Garc\'ia, E.},
%title = {Flow networks: A characterization of geophysical fluid transport},
%journal = {Chaos},
%volume = {25},
%number = {3},
%pages = {036404},
%year = {2015},
%doi = {10.1063/1.4908231},
%}
%
%@article{Rossi2015,
%author = {Rossi, V. and Ser-Giacomi, E. and L\'opez, C.  and Hern\'andez-Garc\'ia, E.},
%title = {Hydrodynamic provinces and oceanic connectivity from a transport network help designing marine reserves},
%journal = {Geophysical Research Letters},
%volume = {41},
%number = {8},
%pages = {2883-2891},
%doi = {10.1002/2014GL059540},
%}
%
%@article{Rodriguez-Mendez2017,
%author = {Rodr\'iguez-M\'endez, V. and Ser-Giacomi ,E. and Hern\'andez-Garc\'ia, E. },
%title = {Clustering coefficient and periodic orbits in flow networks},
%journal = {Chaos},
%volume = {27},
%number = {3},
%pages = {035803},
%year = {2017},
%doi = {10.1063/1.4971787},
%}
%
%@article{Gao2015b,
%title = "Multivariate weighted complex network analysis for characterizing nonlinear dynamic behavior in two-phase flow",
%journal = "Experimental Thermal and Fluid Science",
%volume = "60",
%pages = "157 - 164",
%year = "2015",
%doi = "10.1016/j.expthermflusci.2014.09.008",
%author = "Z.-K. Gao and P.-C. Fang and M.-S. Ding and N.-D. Jin",
%}
%
%@article{Masoller2015,
%  author={C. Masoller and Y. Hong and S. Ayad and F. Gustave and S. Barland and A. J. Pons and S.
%G\'omez and A. Arenas},
%  title={Quantifying sudden changes in dynamical systems using symbolic networks},
%  journal={New Journal of Physics},
%  volume={17},
%  number={2},
%  pages={023068},
%  year={2015},
%doi = {10.1088/1367-2630/17/2/023068},
%}
	

%@article{Wiedermann2017,
%  title = {Mapping and discrimination of networks in the complexity-entropy plane},
%  author = {Wiedermann, M. and Donges, J. F. and Kurths, J. and Donner, R. V.},
%  journal = {Physical Review E},
%  volume = {96},
%  issue = {4},
%  pages = {042304},
%  year = {2017},
%  doi = {10.1103/PhysRevE.96.042304},
%}
%
%@article{Lekscha2018,
%title ={Phase space reconstruction for non-uniformly sampled noisy time series},
%author = {J. Lekscha and R. V. Donner},
%journal = {Chaos},
%year = {in press},
%}
%
%@article{Telesca2018c,
%author = {Telesca,Luciano  and Czechowski,Zbigniew },
%title = {Relation between HVG-irreversibility and persistence in the modified Langevin equation},
%journal = {Chaos: An Interdisciplinary Journal of Nonlinear Science},
%volume = {28},
%number = {7},
%pages = {073107},
%year = {2018},
%doi = {10.1063/1.5030680},
%URL = {https://doi.org/10.1063/1.5030680},
%eprint = {https://doi.org/10.1063/1.5030680}
%}
