%%% This BibTeX bibliography file was created using BibDesk.
%%% http://bibdesk.sourceforge.net/
%
%
%%% Created for Jonathan Donges at 2018-09-07 10:09:02 +0200
%
%
%%% Saved with string encoding Unicode (UTF-8)
%
%
%
%@article{oka_hasumi12,
%	Author = {Oka, A. and Hasumi, H. and Abe-Ouchi, A.},
%	Date-Added = {2018-09-07 08:08:34 +0000},
%	Date-Modified = {2018-09-07 08:08:34 +0000},
%	Doi = {10.1029/2012GL051421},
%	Journal = {Geophysical Research Letters},
%	Number = {9},
%	Pages = {L09709},
%	Title = {{The thermal threshold of the Atlantic meridional overturning circulation and its control by wind stress forcing during glacial climate}},
%	Volume = {39},
%	Year = {2012},
%	Bdsk-Url-1 = {https://doi.org/10.1029/2012GL051421}}
%
%@article{macias-fauria_grinsted09,
%	Author = {{Macias Fauria}, M. and Grinsted, A. and Helama, S. and Moore, J. and Timonen, M. and Martma, T. and Isaksson, E. and Eronen, M.},
%	Date-Added = {2018-09-07 08:08:34 +0000},
%	Date-Modified = {2018-09-07 08:08:34 +0000},
%	Doi = {10.1007/s00382-009-0610-z},
%	Journal = {Climate Dynamics},
%	Number = {6},
%	Pages = {781--795},
%	Title = {{Unprecedented low twentieth century winter sea ice extent in the Western Nordic Seas since A.D. 1200}},
%	Volume = {34},
%	Year = {2009},
%	Bdsk-Url-1 = {https://doi.org/10.1007/s00382-009-0610-z}}
%
%@article{steinhilber_beer09,
%	Author = {Steinhilber, F. and Beer, J. and Fr\"{o}hlich, C.},
%	Date-Added = {2018-09-07 08:08:34 +0000},
%	Date-Modified = {2018-09-07 08:08:34 +0000},
%	Doi = {10.1029/2009GL040142},
%	Journal = {Geophysical Research Letters},
%	Pages = {L19704},
%	Title = {{Total solar irradiance during the Holocene}},
%	Volume = {36},
%	Year = {2009},
%	Bdsk-Url-1 = {https://doi.org/10.1029/2009GL040142}}
%
%@article{luque_lacasa09,
%	Author = {Luque, Bartolo and Lacasa, Lucas and Ballesteros, Fernando and Luque, Jordi},
%	Date-Added = {2018-09-07 08:08:34 +0000},
%	Date-Modified = {2018-09-07 08:08:34 +0000},
%	Journal = {Physical Review E},
%	Number = {4},
%	Pages = {046103},
%	Publisher = {APS},
%	Title = {Horizontal visibility graphs: Exact results for random time series},
%	Volume = {80},
%	Year = {2009}}
%
%@article{sutton_dong12,
%	Author = {Sutton, Rowan T and Dong, Buwen},
%	Date-Added = {2018-09-07 08:08:34 +0000},
%	Date-Modified = {2018-09-07 08:08:34 +0000},
%	Doi = {10.1038/ngeo},
%	Journal = {Nature Geoscience},
%	Number = {10},
%	Pages = {1--5},
%	Publisher = {Nature Publishing Group},
%	Title = {{Atlantic Ocean influence on a shift in European climate in the 1990s}},
%	Volume = {5},
%	Year = {2012},
%	Bdsk-Url-1 = {https://doi.org/10.1038/ngeo}}
%
%@article{olsen_anderson12,
%	Author = {Olsen, Jesper and Anderson, N. John and Knudsen, Mads F.},
%	Date-Added = {2018-09-07 08:08:34 +0000},
%	Date-Modified = {2018-09-07 08:08:34 +0000},
%	Doi = {10.1038/ngeo1589},
%	Journal = {Nature Geoscience},
%	Month = sep,
%	Number = {10},
%	Pages = {808--812},
%	Publisher = {Nature Publishing Group},
%	Title = {{Variability of the North Atlantic Oscillation over the past 5,200 years}},
%	Volume = {5},
%	Year = {2012},
%	Bdsk-Url-1 = {https://doi.org/10.1038/ngeo1589}}
%
%@article{menary_park11,
%	Author = {Menary, Matthew B. and Park, Wonsun and Lohmann, Katja and Vellinga, Michael and Palmer, Matthew D. and Latif, Mojib and Jungclaus, Johann H.},
%	Date-Added = {2018-09-07 08:08:34 +0000},
%	Date-Modified = {2018-09-07 08:08:34 +0000},
%	Doi = {10.1007/s00382-011-1172-4},
%	Journal = {Climate Dynamics},
%	Month = sep,
%	Number = {11-12},
%	Pages = {2377--2388},
%	Title = {{A multimodel comparison of centennial Atlantic meridional overturning circulation variability}},
%	Volume = {38},
%	Year = {2011},
%	Bdsk-Url-1 = {https://doi.org/10.1007/s00382-011-1172-4}}
%
%@article{ortega_montoya11,
%	Author = {Ortega, Pablo and Montoya, Marisa and Gonz\'{a}lez-Rouco, Fidel and Mignot, Juliette and Legutke, Stephanie},
%	Date-Added = {2018-09-07 08:08:34 +0000},
%	Date-Modified = {2018-09-07 08:08:34 +0000},
%	Doi = {10.1007/s00382-011-1081-6},
%	Journal = {Climate Dynamics},
%	Month = may,
%	Number = {9-10},
%	Pages = {1925--1947},
%	Title = {{Variability of the Atlantic meridional overturning circulation in the last millennium and two IPCC scenarios}},
%	Volume = {38},
%	Year = {2011},
%	Bdsk-Url-1 = {https://doi.org/10.1007/s00382-011-1081-6}}
%
%@article{mignot_khodri11,
%	Author = {Mignot, J. and Khodri, M. and Frankignoul, C. and Servonnat, J.},
%	Date-Added = {2018-09-07 08:08:34 +0000},
%	Date-Modified = {2018-09-07 08:08:34 +0000},
%	Doi = {10.5194/cpd-7-2511-2011},
%	Journal = {Climate of the Past Discussions},
%	Month = aug,
%	Number = {4},
%	Pages = {2511--2554},
%	Title = {{Volcanic impact on the Atlantic ocean over the last millennium}},
%	Volume = {7},
%	Year = {2011},
%	Bdsk-Url-1 = {https://doi.org/10.5194/cpd-7-2511-2011}}
%
%@article{landrum_otto-bliesner12,
%	Author = {Landrum, Laura and Otto-bliesner, Bette L and Wahl, Eugene R and Conley, Andrew and Lawrence, Peter J and Rosenbloom, Nan and Teng, Haiyan},
%	Date-Added = {2018-09-07 08:08:34 +0000},
%	Date-Modified = {2018-09-07 08:08:34 +0000},
%	Journal = {Journal of Climate},
%	Pages = {1--94},
%	Title = {{Last Millennium Climate and Its Variability in CCSM4}},
%	Volume = {1356},
%	Year = {2012}}
%
%
%@article{montoya_born10,
%	Author = {Montoya, M and Born, A and Levermann, A},
%	Date-Added = {2018-09-07 08:08:34 +0000},
%	Date-Modified = {2018-09-07 08:08:34 +0000},
%	Doi = {10.1007/s00382-009-0729-y},
%	Journal = {Climate Dynamics},
%	Number = {5-6},
%	Pages = {1107--1118},
%	Title = {{Reversed \{North\} \{Atlantic\} gyre dynamics in present and glacial climates}},
%	Volume = {36},
%	Year = {2010},
%	Bdsk-Url-1 = {https://doi.org/10.1007/s00382-009-0729-y}}
%
%@article{marzeion_levermann09,
%	Author = {Marzeion, Ben and Levermann, Anders and Mignot, Juliette},
%	Date-Added = {2018-09-07 08:08:34 +0000},
%	Date-Modified = {2018-09-07 08:08:34 +0000},
%	Doi = {10.1007/s00382-008-0521-4},
%	Journal = {Climate Dynamics},
%	Month = jan,
%	Number = {5},
%	Pages = {661--668},
%	Title = {{Sensitivity of North Atlantic subpolar gyre and overturning to stratification-dependent mixing: response to global warming}},
%	Volume = {34},
%	Year = {2009},
%	Bdsk-Url-1 = {https://doi.org/10.1007/s00382-008-0521-4}}
%
%@article{levermann_mignot07,
%	Author = {Levermann, A. and Mignot, J. and Nawrath, S. and Rahmstorf, S.},
%	Date-Added = {2018-09-07 08:08:34 +0000},
%	Date-Modified = {2018-09-07 08:08:34 +0000},
%	Doi = {10.1175/JCLI4232.1},
%	Journal = {Journal of Climate},
%	Month = aug,
%	Number = {16},
%	Pages = {4160--4171},
%	Title = {{The Role of Northern Sea Ice Cover for the Weakening of the Thermohaline Circulation under Global Warming}},
%	Volume = {20},
%	Year = {2007},
%	Bdsk-Url-1 = {https://doi.org/10.1175/JCLI4232.1}}
%
%@article{fidel_gonzales-ruoco11,
%	Author = {Fidel J. Gonz\'{a}lez-Rouco, L. Fern\'{a}ndez-Donado, C.C. Raible, D. Barriopedro , J. Luterbacher, J.H. Jungclaus, D. Swingedouw, J. Servonnat and E. Zorita, S. Wagner and C.M. Ammann},
%	Date-Added = {2018-09-07 08:08:34 +0000},
%	Date-Modified = {2018-09-07 08:08:34 +0000},
%	Doi = {10.1029/2005GL024693.Hofer},
%	Journal = {PAGES news},
%	Number = {1},
%	Pages = {3--4},
%	Title = {{Medieval Climate Anomaly to Little Ice Age transition as simulated by current climate models}},
%	Volume = {19},
%	Year = {2011},
%	Bdsk-Url-1 = {https://doi.org/10.1029/2005GL024693.Hofer}}
%
%@article{mann_zhang09,
%	Author = {Mann, Michael E and Zhang, Zhihua and Rutherford, Scott and Bradley, Raymond S and Hughes, Malcolm K and Shindell, Drew and Ammann, Caspar and Faluvegi, Greg and Ni, Fenbiao},
%	Date-Added = {2018-09-07 08:08:34 +0000},
%	Date-Modified = {2018-09-07 08:08:34 +0000},
%	Doi = {10.1126/science.1177303},
%	Journal = {Science},
%	Month = nov,
%	Number = {5957},
%	Pages = {1256--60},
%	Title = {{Global signatures and dynamical origins of the Little Ice Age and Medieval Climate Anomaly.}},
%	Volume = {326},
%	Year = {2009},
%	Bdsk-Url-1 = {https://doi.org/10.1126/science.1177303}}
%
%@article{zhong_miller10,
%	Author = {Zhong, Y. and Miller, G. H. and Otto-Bliesner, B. L. and Holland, M. M. and Bailey, D. A. and Schnpageser, D. P. and Geirsdottir, A. and Dyn, Clim},
%	Date-Added = {2018-09-07 08:08:34 +0000},
%	Date-Modified = {2018-09-07 08:08:34 +0000},
%	Doi = {10.1007/s00382-010-0967-z},
%	Journal = {Climate Dynamics},
%	Month = dec,
%	Number = {11-12},
%	Pages = {2373--2387},
%	Title = {{Centennial-scale climate change from decadally-paced explosive volcanism: a coupled sea ice-ocean mechanism}},
%	Volume = {37},
%	Year = {2010},
%	Bdsk-Url-1 = {https://doi.org/10.1007/s00382-010-0967-z}}
%
%
%@article{lund_lynch06,
%	Author = {Lund, D.C. and Lynch-Stieglitz, J. and Curry, W.B.},
%	Date-Added = {2018-09-07 08:08:34 +0000},
%	Date-Modified = {2018-09-07 08:08:34 +0000},
%	Doi = {doi:10.1038/nature05277},
%	Journal = {Nature},
%	Number = {7119},
%	Pages = {601--604},
%	Publisher = {Nature Publishing Group},
%	Title = {Gulf Stream density structure and transport during the past millennium},
%	Volume = {444},
%	Year = {2006},
%	Bdsk-Url-1 = {https://doi.org/10.1038/nature05277}}
%
%@article{broecker00,
%	Author = {Broecker, W.S.},
%	Date-Added = {2018-09-07 08:08:34 +0000},
%	Date-Modified = {2018-09-07 08:08:34 +0000},
%	Doi = {10.1073/pnas.97.4.1339},
%	Journal = {Proceedings of the National Academy of Sciences},
%	Number = {4},
%	Pages = {1339--1342},
%	Publisher = {National Acad Sciences},
%	Title = {Was a change in thermohaline circulation responsible for the Little Ice Age?},
%	Volume = {97},
%	Year = {2000},
%	Bdsk-Url-1 = {https://doi.org/10.1073/pnas.97.4.1339}}
%
%@article{Yoshimori2009,
%	Author = {Yoshimori, Masakazu and Raible, Christoph C. and Stocker, Thomas F. and Renold, Manuel},
%	Date-Added = {2018-09-07 08:08:34 +0000},
%	Date-Modified = {2018-09-07 08:08:34 +0000},
%	Doi = {10.1007/s00382-009-0540-9},
%	Journal = {Climate Dynamics},
%	Month = feb,
%	Number = {1},
%	Pages = {101--121},
%	Title = {{Simulated decadal oscillations of the Atlantic meridional overturning circulation in a cold climate state}},
%	Volume = {34},
%	Year = {2009},
%	Bdsk-Url-1 = {https://doi.org/10.1007/s00382-009-0540-9}}
%
%@article{palastanga_van_der_schrier11,
%	Author = {Palastanga, V. and Van der Schrier, G. and Weber, SL and Kleinen, T. and Briffa, KR and Osborn, TJ},
%	Date-Added = {2018-09-07 08:08:34 +0000},
%	Date-Modified = {2018-09-07 08:08:34 +0000},
%	Doi = {10.1007/s00382-010-0751-0},
%	Journal = {Climate Dynamics},
%	Number = {5},
%	Pages = {973-987},
%	Title = {{Atmosphere and ocean dynamics : contributors to the European Little Ice Age ?}},
%	Volume = {36},
%	Year = {2011},
%	Bdsk-Url-1 = {https://doi.org/10.1007/s00382-010-0751-0}}
%
%@article{kinnard_zdanowicz11,
%	Author = {Kinnard, Christophe and Zdanowicz, Christian M. and Fisher, David A. and Isaksson, Elisabeth and de Vernal, Anne and Thompson, Lonnie G.},
%	Date-Added = {2018-09-07 08:08:34 +0000},
%	Date-Modified = {2018-09-07 08:08:34 +0000},
%	Doi = {10.1038/nature10581},
%	Journal = {Nature},
%	Month = nov,
%	Number = {7374},
%	Pages = {509--512},
%	Title = {{Reconstructed changes in Arctic sea ice over the past 1,450 years}},
%	Volume = {479},
%	Year = {2011},
%	Bdsk-Url-1 = {https://doi.org/10.1038/nature10581}}
%
%@article{andrews_darby09,
%	Author = {Andrews, J. T. and Darby, D. and Eberle, D. and Jennings, A. E. and Moros, M. and Ogilvie, A.},
%	Date-Added = {2018-09-07 08:08:34 +0000},
%	Date-Modified = {2018-09-07 08:08:34 +0000},
%	Doi = {10.1177/0959683608098953},
%	Journal = {The Holocene},
%	Month = feb,
%	Number = {1},
%	Pages = {71--77},
%	Title = {{A robust, multisite Holocene history of drift ice off northern Iceland: implications for North Atlantic climate}},
%	Volume = {19},
%	Year = {2009},
%	Bdsk-Url-1 = {https://doi.org/10.1177/0959683608098953}}
%
%@article{Lozier2010,
%	Author = {Lozier, M Susan},
%	Date-Added = {2018-09-07 08:08:34 +0000},
%	Date-Modified = {2018-09-07 08:08:34 +0000},
%	Doi = {10.1126/science.1189250},
%	Journal = {Science},
%	Month = jun,
%	Number = {5985},
%	Pages = {1507--11},
%	Title = {{Deconstructing the conveyor belt.}},
%	Volume = {328},
%	Year = {2010},
%	Bdsk-Url-1 = {https://doi.org/10.1126/science.1189250}}
%
%@article{mengel_levermann12,
%	Author = {Mengel, M. and Levermann, A. and Schleussner, C.-F. and Born, A.},
%	Date-Added = {2018-09-07 08:08:34 +0000},
%	Date-Modified = {2018-09-07 08:08:34 +0000},
%	Doi = {10.5194/esd-3-189-2012},
%	Journal = {Earth System Dynamics},
%	Number = {2},
%	Pages = {189--197},
%	Title = {Enhanced Atlantic subpolar gyre variability through baroclinic threshold in a Coarse Resolution Model},
%	Volume = {3},
%	Year = {2012},
%	Bdsk-Url-1 = {https://doi.org/10.5194/esd-3-189-2012}}
%
%@article{hatun_payne09,
%	Author = {H\'{a}t\'{u}n, H. and Payne, M.R. and Beaugrand, G. and Rpages, P.C. and Sand\o, A.B. and Drange, H. and Hansen, B. and Jacobsen, J.A. and Bloch, D.},
%	Date-Added = {2018-09-07 08:08:34 +0000},
%	Date-Modified = {2018-09-07 08:08:34 +0000},
%	Doi = {10.1016/j.pocean.2009.03.001},
%	Journal = {Progress In Oceanography},
%	Month = mar,
%	Number = {3-4},
%	Pages = {149--162},
%	Title = {{Large bio-geographical shifts in the north-eastern Atlantic Ocean: From the subpolar gyre, via plankton, to blue whiting and pilot whales}},
%	Volume = {80},
%	Year = {2009},
%	Bdsk-Url-1 = {https://doi.org/10.1016/j.pocean.2009.03.001}}
%
%@article{trouet_esper09,
%	Author = {Trouet, Val\'{e}rie and Esper, Jan and Graham, Nicholas E and Baker, Andy and Scourse, James D and Frank, David C},
%	Date-Added = {2018-09-07 08:08:34 +0000},
%	Date-Modified = {2018-09-07 08:08:34 +0000},
%	Doi = {10.1126/science.1166349},
%	Journal = {Science},
%	Month = apr,
%	Number = {5923},
%	Pages = {78--80},
%	Title = {{Persistent positive North Atlantic oscillation mode dominated the Medieval Climate Anomaly.}},
%	Volume = {324},
%	Year = {2009},
%	Bdsk-Url-1 = {https://doi.org/10.1126/science.1166349}}
%
%@article{trouet2011,
%	Author = {Trouet, V. and Scourse, J.D. and Raible, C.C.},
%	Date-Added = {2018-09-07 08:08:34 +0000},
%	Date-Modified = {2018-09-07 08:08:34 +0000},
%	Doi = {10.1016/j.gloplacha.2011.10.003},
%	Journal = {Global and Planetary Change},
%	Month = oct,
%	Pages = {48--55},
%	Title = {{North Atlantic storminess and Atlantic Meridional Overturning Circulation during the last Millennium: Reconciling contradictory proxy records of NAO variability}},
%	Volume = {84},
%	Year = {2011},
%	Bdsk-Url-1 = {https://doi.org/10.1016/j.gloplacha.2011.10.003}}
%
%@article{shindell_schmidt01,
%	Author = {Shindell, D T and Schmidt, G a and Mann, M E and Rind, D and Waple, A},
%	Date-Added = {2018-09-07 08:08:34 +0000},
%	Date-Modified = {2018-09-07 08:08:34 +0000},
%	Doi = {10.1126/science.1064363},
%	Journal = {Science},
%	Month = dec,
%	Number = {5549},
%	Pages = {2149--52},
%	Title = {{Solar forcing of regional climate change during the Maunder Minimum.}},
%	Volume = {294},
%	Year = {2001},
%	Bdsk-Url-1 = {https://doi.org/10.1126/science.1064363}}
%
%@article{gray_beer10,
%	Author = {Gray, L J and Beer, J and Geller, M and Haigh, J D and Lockwood, M and Matthes, K and Cubasch, U and Fleitmann, D and Harrison, G and Hood, L and Luterbacher, J and Meehl, G A and Shindell, D and Geel, B Van and White, W},
%	Date-Added = {2018-09-07 08:08:34 +0000},
%	Date-Modified = {2018-09-07 08:08:34 +0000},
%	Doi = {10.1029/2009RG000282},
%	Journal = {Reviews of Geophysics},
%	Pages = {RG4001},
%	Title = {{Solar influences on climate}},
%	Volume = {48},
%	Year = {2010},
%	Bdsk-Url-1 = {https://doi.org/10.1029/2009RG000282}}
%
%@article{gregory_dixon05,
%	Author = {Gregory, J. M. and Dixon, K. W. and Stouffer, R. J. and Weaver, A. J. and Driesschaert, E. and Eby, M. and Fichefet, T. and Hasumi, H. and Hu, A. and Jungclaus, J. H. and Kamenkovich, I. V. and Levermann, A. and Montoya, M. and Murakami, S. and Nawrath, S. and Oka, A. and Sokolov, A. P. and Thorpe, R. B.},
%	Date-Added = {2018-09-07 08:08:34 +0000},
%	Date-Modified = {2018-09-07 08:08:34 +0000},
%	Doi = {10.1029/2005GL023209},
%	Journal = {Geophysical Research Letters},
%	Pages = {L12703},
%	Title = {A model intercomparison of changes in the {Atlantic} thermohaline circulation in response to increasing atmospheric {CO\raisebox{-1ex}{\tiny 2}} concentration},
%	Volume = {32},
%	Year = {2005},
%	Bdsk-Url-1 = {https://doi.org/10.1029/2005GL023209}}
%
%@article{feulner11,
%	Author = {Feulner, Georg},
%	Date-Added = {2018-09-07 08:08:34 +0000},
%	Date-Modified = {2018-09-07 08:08:34 +0000},
%	Doi = {10.1029/2011GL048529},
%	Journal = {Geophysical Research Letters},
%	Pages = {L16706},
%	Title = {{Are the most recent estimates for Maunder Minimum solar irradiance in agreement with temperature reconstructions?}},
%	Volume = {38},
%	Year = {2011},
%	Bdsk-Url-1 = {https://doi.org/10.1029/2011GL048529}}
%
%@article{zhang_lee11,
%	Author = {Zhang, David D and Lee, Harry F and Wang, Cong and Li, Baosheng and Pei, Qing and Zhang, Jane and An, Yulun},
%	Date-Added = {2018-09-07 08:08:34 +0000},
%	Date-Modified = {2018-09-07 08:08:34 +0000},
%	Doi = {10.1073/pnas.1104268108},
%	Journal = {Proceedings of the National Academy of Sciences},
%	Number = {42},
%	Pages = {17296--17301},
%	Title = {{The causality analysis of climate change and large-scale human crisis}},
%	Volume = {108},
%	Year = {2011},
%	Bdsk-Url-1 = {https://doi.org/10.1073/pnas.1104268108}}
%
%@article{Stouffer2006,
%	Author = {Stouffer, R. J. and Yin, J. and Gregory, J. M. and Dixon, K. W. and Spelman, M. J. and Hurlin, W. and Weaver, A. J. and Eby, M. and Flato, G. M. and Hasumi, H. and Hu, A. and Jungclaus, J. H. and Kamenkovich, I. V. and Levermann, A. and Montoya, M. and Murakami, S. and Nawrath, S. and Oka, A. and Peltier, W. R. and Robitaille, D. Y. and Sokolov, A. and Vettoretti, G. and Weber, S. L.},
%	Date-Added = {2018-09-07 08:08:34 +0000},
%	Date-Modified = {2018-09-07 08:08:34 +0000},
%	Doi = {10.1175/JCLI3689.1},
%	Journal = {Journal of Climate},
%	Month = apr,
%	Number = {8},
%	Pages = {1365--1387},
%	Title = {{Investigating the Causes of the Response of the Thermohaline Circulation to Past and Future Climate Changes}},
%	Volume = {19},
%	Year = {2006},
%	Bdsk-Url-1 = {https://doi.org/10.1175/JCLI3689.1}}
%
%@article{hofer_raible11,
%	Author = {Hofer, D. and Raible, C. C. and Stocker, T. F.},
%	Date-Added = {2018-09-07 08:08:34 +0000},
%	Date-Modified = {2018-09-07 08:08:34 +0000},
%	Doi = {10.5194/cp-7-133-2011},
%	Journal = {Climate of the Past},
%	Month = feb,
%	Number = {1},
%	Pages = {133--150},
%	Title = {{Variations of the Atlantic meridional overturning circulation in control and transient simulations of the last millennium}},
%	Volume = {7},
%	Year = {2011},
%	Bdsk-Url-1 = {https://doi.org/10.5194/cp-7-133-2011}}
%
%@article{Danabasoglu2010,
%	Author = {Danabasoglu, G. and Large, W. G and Briegleb, B. P},
%	Date-Added = {2018-09-07 08:08:34 +0000},
%	Date-Modified = {2018-09-07 08:08:34 +0000},
%	Doi = {10.1029/2010JC006243},
%	Journal = {Journal of Geophysical Research},
%	Number = {C11},
%	Pages = {C11005},
%	Title = {{Climate impacts of parameterized Nordic Sea overflows}},
%	Volume = {115},
%	Year = {2010},
%	Bdsk-Url-1 = {https://doi.org/10.1029/2010JC006243}}
%
%@article{Jongma2007,
%	Author = {Jongma, J. I. and Prange, M. and Renssen, H. and Schulz, M.},
%	Date-Added = {2018-09-07 08:08:34 +0000},
%	Date-Modified = {2018-09-07 08:08:34 +0000},
%	Doi = {10.1029/2007GL030642},
%	Journal = {Geophysical Research Letters},
%	Number = {15},
%	Pages = {L15706},
%	Title = {{Amplification of Holocene multicentennial climate forcing by mode transitions in North Atlantic overturning circulation}},
%	Volume = {34},
%	Year = {2007},
%	Bdsk-Url-1 = {https://doi.org/10.1029/2007GL030642}}
%
%@article{born_nisancioglu09,
%	Author = {Born, Andreas and Nisancioglu, Kerim H. and Braconnot, Pascale},
%	Date-Added = {2018-09-07 08:08:34 +0000},
%	Date-Modified = {2018-09-07 08:08:34 +0000},
%	Doi = {10.1007/s00382-009-0709-2},
%	Journal = {Climate Dynamics},
%	Number = {7-8},
%	Pages = {1361--1371},
%	Title = {{Sea ice induced changes in ocean circulation during the Eemian}},
%	Volume = {35},
%	Year = {2009},
%	Bdsk-Url-1 = {https://doi.org/10.1007/s00382-009-0709-2}}
%
%@article{Hald2007,
%	Author = {Hald, Morten and Andersson, Carin and Ebbesen, Hanne and Jansen, Eystein and Klitgaard-Kristensen, Dorthe and Risebrobakken, Bj\o rg and Salomonsen, Gaute R. and Sarnthein, Michael and Sejrup, Hans Petter and Telford, Richard J.},
%	Date-Added = {2018-09-07 08:08:34 +0000},
%	Date-Modified = {2018-09-07 08:08:34 +0000},
%	Doi = {10.1016/j.quascirev.2007.10.005},
%	Journal = {Quaternary Science Reviews},
%	Month = dec,
%	Number = {25-28},
%	Pages = {3423--3440},
%	Title = {{Variations in temperature and extent of Atlantic Water in the northern North Atlantic during the Holocene}},
%	Volume = {26},
%	Year = {2007},
%	Bdsk-Url-1 = {https://doi.org/10.1016/j.quascirev.2007.10.005}}
%
%@article{Kuhlbrodt2007,
%	Author = {Kuhlbrodt, T. and Griesel, A. and Montoya, M. and Levermann, A. and Hofmann, M. and Rahmstorf, S.},
%	Date-Added = {2018-09-07 08:08:34 +0000},
%	Date-Modified = {2018-09-07 08:08:34 +0000},
%	Doi = {200710.1029/2004RG000166},
%	Journal = {Reviews of Geophysics},
%	Month = apr,
%	Pages = {32 PP.},
%	Title = {{On the driving processes of the Atlantic meridional overturning circulation}},
%	Volume = {45},
%	Year = {2007},
%	Bdsk-Url-1 = {https://doi.org/10.1029/2004RG000166}}
%
%@article{Frankcombe2010,
%	Author = {Frankcombe, Leela M. and von der Heydt, Anna and Dijkstra, Henk A.},
%	Date-Added = {2018-09-07 08:08:34 +0000},
%	Date-Modified = {2018-09-07 08:08:34 +0000},
%	Doi = {10.1175/2010JCLI3471.1},
%	Journal = {Journal of Climate},
%	Number = {13},
%	Pages = {3626--3638},
%	Title = {{North Atlantic Multidecadal Climate Variability: An Investigation of Dominant Time Scales and Processes}},
%	Volume = {23},
%	Year = {2010},
%	Bdsk-Url-1 = {https://doi.org/10.1175/2010JCLI3471.1}}
%
%@article{lohmann_drange09,
%	Author = {Lohmann, Katja and Drange, Helge and Bentsen, Mats},
%	Date-Added = {2018-09-07 08:08:34 +0000},
%	Date-Modified = {2018-09-07 08:08:34 +0000},
%	Doi = {10.1007/s00382-008-0467-6},
%	Journal = {Climate Dynamics},
%	Number = {2},
%	Pages = {273--285},
%	Title = {{Response of the North Atlantic subpolar gyre to persistent North Atlantic oscillation like forcing}},
%	Volume = {32},
%	Year = {2009},
%	Bdsk-Url-1 = {https://doi.org/10.1007/s00382-008-0467-6}}
%
%@article{stouffer_yin06,
%	Author = {R. J. Stouffer and J. Yin and J. M. Gregory and K. W. Dixon and M. J. Spelman and W. Hurlin and A. J. Weaver and M. Eby and G. M. Flato and H. Hasumi and A. Hu and J. H. Jungclaus and I. V. Kamenkovich and A. Levermann and M. Montoya and S. Murakami and S. Nawrath and A. Oka and W. R. Peltier and D. Y. Robitaille and A. P. Sokolov and G. Vettoretti and S. L. Weber},
%	Date-Added = {2018-09-07 08:08:34 +0000},
%	Date-Modified = {2018-09-07 08:08:34 +0000},
%	Doi = {10.1175/JCLI3689.1},
%	Journal = {Journal of Climate},
%	Number = {8},
%	Pages = {1365-1387},
%	Title = {Investigating the Causes of the Response of the Thermohaline Circulation to Past and Future Climate Changes},
%	Volume = {19},
%	Year = {2006},
%	Bdsk-Url-1 = {https://doi.org/10.1175/JCLI3689.1}}
%
%@article{schulz_prange07,
%	Author = {Schulz, M. and Prange, M. and Klocker, A.},
%	Date-Added = {2018-09-07 08:08:34 +0000},
%	Date-Modified = {2018-09-07 08:08:34 +0000},
%	Journal = {Climate of the Past},
%	Number = {1},
%	Pages = {97--107},
%	Title = {{Low-frequency oscillations of the Atlantic Ocean meridional overturning circulation in a coupled climate model}},
%	Volume = {3},
%	Year = {2007}}
%
%@article{hatun_sando05,
%	Author = {Hatun, Hjalmar and Sando, Anne Britt and Drange, Helge and Hansen, Bogi and Valdimarsson, Heðinn Hethinn Hedinn and H\'{a}t\'{u}n, Hj\'{a}lmar and Sand\o, Anne Britt},
%	Date-Added = {2018-09-07 08:08:34 +0000},
%	Date-Modified = {2018-09-07 08:08:34 +0000},
%	Doi = {10.1126/science.1114777},
%	Journal = {Science},
%	Month = sep,
%	Number = {5742},
%	Pages = {1841--1844},
%	Pmid = {16166513},
%	Title = {{Influence of the Atlantic Subpolar Gyre on the Thermohaline Circulation}},
%	Volume = {309},
%	Year = {2005},
%	Bdsk-Url-1 = {https://doi.org/10.1126/science.1114777}}
%
%@article{levermann_griesel05,
%	Author = {Levermann, Anders and Griesel, Alexa and Hofmann, Matthias and Montoya, Marisa and Rahmstorf, Stefan},
%	Date-Added = {2018-09-07 08:08:34 +0000},
%	Date-Modified = {2018-09-07 08:08:34 +0000},
%	Doi = {10.1007/s00382-004-0505-y},
%	Journal = {Climate Dynamics},
%	Number = {4},
%	Pages = {347--354},
%	Title = {{Dynamic sea level changes following changes in the thermohaline circulation}},
%	Volume = {24},
%	Year = {2005},
%	Bdsk-Url-1 = {https://doi.org/10.1007/s00382-004-0505-y}}
%
%
%@article{montoya_griesel05,
%	Author = {M. Montoya and A. Griesel and A. Levermann and J. Mignot and M. Hofmann and A. Ganopolski and S. Rahmstorf},
%	Date-Added = {2018-09-07 08:08:34 +0000},
%	Date-Modified = {2018-09-07 08:08:34 +0000},
%	Doi = {10.1007/s00382-005-0044-1},
%	Journal = {Climate Dynamics},
%	Pages = {237-263},
%	Title = {The {Earth System Model of Intermediate Complexity} {CLIM{\it BER}-3$\alpha$}. {Part I}: description and performance for present day conditions},
%	Volume = {25},
%	Year = {2005},
%	Bdsk-Url-1 = {https://doi.org/10.1007/s00382-005-0044-1}}
%
%@article{petoukhov_ganopolski00,
%	Author = {V. Petoukhov and A. Ganopolski and V. Brovkin and M. Claussen and A. Eliseev and C. Kubatzki and S. Rahmstorf},
%	Date-Added = {2018-09-07 08:08:34 +0000},
%	Date-Modified = {2018-09-07 08:08:34 +0000},
%	Doi = {doi: 10.1007/PL00007919},
%	Journal = {Climate Dynamics},
%	Pages = {1--17},
%	Title = {{CLIMBER}-2: a climate system model of intermediate complexity. {Part I}: model description and performance for present climate},
%	Volume = {16},
%	Year = {2000},
%	Bdsk-Url-1 = {https://doi.org/10.1007/PL00007919}}
%
%@article{fichefet_maqueda97,
%	Author = {T. Fichefet and M. A. M. Maqueda},
%	Date-Added = {2018-09-07 08:08:34 +0000},
%	Date-Modified = {2018-09-07 08:08:34 +0000},
%	Journal = {Journal of Geophysical Research},
%	Pages = {12609-12646},
%	Title = {Sensitivity of a global sea ice model to the treatment of ice thermodynamics and dynamics},
%	Volume = {102},
%	Year = {1997}}
%
%@article{de_boyer_montegut_madec04,
%	Author = {de Boyer Mont{\'e}gut, C. and Madec, G. and Fischer, A.S. and Lazar, A. and Iudicone, D.},
%	Date-Added = {2018-09-07 08:08:34 +0000},
%	Date-Modified = {2018-09-07 08:08:34 +0000},
%	Journal = {Journal of Geophysical Research},
%	Number = {C12},
%	Pages = {C12003},
%	Publisher = {American Geophysical Union},
%	Title = {Mixed layer depth over the global ocean: An examination of profile data and a profile-based climatology},
%	Volume = {109},
%	Year = {2004}}
%
%@article{wang_lean05,
%	Author = {Wang, Y.M. and Lean, JL and Sheeley Jr, NR},
%	Date-Added = {2018-09-07 08:08:34 +0000},
%	Date-Modified = {2018-09-07 08:08:34 +0000},
%	Doi = {doi:10.1086/429689},
%	Journal = {The Astrophysical Journal},
%	Number = {1},
%	Pages = {522},
%	Publisher = {IOP Publishing},
%	Title = {Modeling the sun's magnetic field and irradiance since 1713},
%	Volume = {625},
%	Year = {2008},
%	Bdsk-Url-1 = {https://doi.org/10.1086/429689}}
%
%
%@article{schmidt_jungclaus11,
%	Author = {Schmidt, GA and Jungclaus, JH and Ammann, CM and Bard, E. and Braconnot, P. and Crowley, TJ and Delaygue, G. and Joos, F. and Krivova, NA and Muscheler, R. and others},
%	Date-Added = {2018-09-07 08:08:34 +0000},
%	Date-Modified = {2018-09-07 08:08:34 +0000},
%	Doi = {10.5194/gmd-4-33-2011},
%	Journal = {Geoscientific Model Development},
%	Pages = {33-45},
%	Title = {Climate forcing reconstructions for use in PMIP simulations of the last millennium (v1. 0)},
%	Volume = {4},
%	Year = {2011},
%	Bdsk-Url-1 = {https://doi.org/10.5194/gmd-4-33-2011}}
%
%@article{hurrel_deser09,
%	Author = {Hurrell, J.W. and Deser, C.},
%	Date-Added = {2018-09-07 08:08:34 +0000},
%	Date-Modified = {2018-09-07 08:08:34 +0000},
%	Doi = {10.1016/j.jmarsys.2008.11.026},
%	Journal = {Journal of Marine Systems},
%	Number = {1},
%	Pages = {28--41},
%	Publisher = {Elsevier},
%	Title = {North Atlantic climate variability: the role of the North Atlantic Oscillation},
%	Volume = {78},
%	Year = {2009},
%	Bdsk-Url-1 = {https://doi.org/10.1016/j.jmarsys.2008.11.026}}
%
%@article{hurrel12,
%	Author = {Hurrel, J.W.},
%	Date-Added = {2018-09-07 08:08:34 +0000},
%	Date-Modified = {2018-09-07 08:08:34 +0000},
%	Title = {NAO Index Data provided by the Climate Analysis Section, NCAR, Boulder, USA. Updated regularly. Accessed 20 May 2012},
%	Url = {http://climatedataguide.ucar.edu/guidance/hurrell-north-atlantic-oscillation-nao-index-pc-based},
%	Year = {2012},
%	Bdsk-Url-1 = {http://climatedataguide.ucar.edu/guidance/hurrell-north-atlantic-oscillation-nao-index-pc-based}}
%
%@techreport{trenberth_olson89,
%	Address = {Boulder, Colorado, USA},
%	Author = {K. Trenberth and J. Olson and W. Large},
%	Date-Added = {2018-09-07 08:08:34 +0000},
%	Date-Modified = {2018-09-07 08:08:34 +0000},
%	Institution = {National Center for Atmospheric Research},
%	Number = {NCAR/TN-338+STR},
%	Title = {A Global Ocean Wind Stress Climatology based on {ECMWF} Analysis},
%	Type = {Tech. Rep.},
%	Year = {1989}}
%
%@article{curry_mauritzen05,
%	Author = {Curry, R. and Mauritzen, C.},
%	Date-Added = {2018-09-07 08:08:34 +0000},
%	Date-Modified = {2018-09-07 08:08:34 +0000},
%	Doi = {10.1126/science.1109477},
%	Journal = {Science},
%	Number = {5729},
%	Pages = {1772--1774},
%	Title = {Dilution of the northern North Atlantic Ocean in recent decades},
%	Volume = {308},
%	Year = {2005},
%	Bdsk-Url-1 = {https://doi.org/10.1126/science.1109477}}
%
%@article{kopp_lean11,
%	Author = {Kopp, G. and Lean, J.L.},
%	Date-Added = {2018-09-07 08:08:34 +0000},
%	Date-Modified = {2018-09-07 08:08:34 +0000},
%	Doi = {10.1029/2010GL045777},
%	Journal = {Geophysical Research Letters},
%	Number = {1},
%	Pages = {L01706},
%	Publisher = {American Geophysical Union},
%	Title = {A new, lower value of total solar irradiance: evidence and climate significance},
%	Volume = {38},
%	Year = {2011},
%	Bdsk-Url-1 = {https://doi.org/10.1029/2010GL045777}}
%
%@article{ncep_96,
%	Author = {Kalnay, E. and Kanamitsu, M. and Kistler, R. and Collins, W. and Deaven, D. and Gandin, L. and Iredell, M. and Saha, S. and White, G. and Woollen, J. and others},
%	Date-Added = {2018-09-07 08:08:34 +0000},
%	Date-Modified = {2018-09-07 08:08:34 +0000},
%	Journal = {Bulletin of the American meteorological Society},
%	Number = {3},
%	Pages = {437--471},
%	Title = {The NCEP/NCAR 40-year reanalysis project},
%	Volume = {77},
%	Year = {1996}}
%
%@article{levermann_born07,
%	Author = {A. Levermann and A. Born},
%	Date-Added = {2018-09-07 08:08:34 +0000},
%	Date-Modified = {2018-09-07 08:08:34 +0000},
%	Doi = {10.1029/2007GL031732},
%	Journal = {Geophysical Research Letters},
%	Pages = {L24605},
%	Title = {Bistability of the subpolar gyre in a coarse resolution climate model},
%	Volume = {34},
%	Year = {2007},
%	Bdsk-Url-1 = {https://doi.org/10.1029/2007GL031732}}
%
%@article{born_stocker12,
%	Author = {Born, Andreas and Stocker, Thomas F. and Raible, Christoph C. and Levermann, Anders},
%	Date-Added = {2018-09-07 08:08:34 +0000},
%	Date-Modified = {2018-09-07 08:08:34 +0000},
%	Doi = {10.1007/s00382-012-1525-7},
%	Journal = {Climate Dynamics},
%	Number = {11-12},
%	Pages = {2993-3007},
%	Title = {Is the Atlantic subpolar gyre bistable in comprehensive coupled climate models?},
%	Volume = {40},
%	Year = {2013},
%	Bdsk-Url-1 = {https://doi.org/10.1007/s00382-012-1525-7}}
%
%@article{msadek_frankignoul09,
%	Author = {Msadek, R. and Frankignoul, C.},
%	Date-Added = {2018-09-07 08:08:34 +0000},
%	Date-Modified = {2018-09-07 08:08:34 +0000},
%	Doi = {10.1007/s00382-008-0452-0},
%	Journal = {Climate dynamics},
%	Number = {1},
%	Pages = {45--62},
%	Publisher = {Springer},
%	Title = {Atlantic multidecadal oceanic variability and its influence on the atmosphere in a climate model},
%	Volume = {33},
%	Year = {2009},
%	Bdsk-Url-1 = {https://doi.org/10.1007/s00382-008-0452-0}}
%
%@article{zhang_delworth11,
%	Author = {Zhang, R. and Delworth, T.L. and Rosati, A. and Anderson, W.G. and Dixon, K.W. and Lee, H.C. and Zeng, F.},
%	Date-Added = {2018-09-07 08:08:34 +0000},
%	Date-Modified = {2018-09-07 08:08:34 +0000},
%	Doi = {10.1029/2011JC007240},
%	Journal = {Journal of Geophysical Research},
%	Number = {C12},
%	Pages = {C12024},
%	Publisher = {American Geophysical Union},
%	Title = {Sensitivity of the North Atlantic Ocean Circulation to an abrupt change in the Nordic Sea overflow in a high resolution global coupled climate model},
%	Volume = {116},
%	Year = {2011},
%	Bdsk-Url-1 = {https://doi.org/10.1029/2011JC007240}}
%
%@article{nsidc,
%	Author = {{NSIDC}},
%	Date-Added = {2018-09-07 08:08:34 +0000},
%	Date-Modified = {2018-09-07 08:08:34 +0000},
%	Title = {{The National Snow and Ice Data Center University of Colorado, Boulder, Accessed: 14 October 2012}},
%	Url = {http://www.nsidc.org/},
%	Year = {2012},
%	Bdsk-Url-1 = {http://www.nsidc.org/}}
%
%@article{jones_mann04,
%	Author = {Jones, P.D. and Mann, M.E.},
%	Date-Added = {2018-09-07 08:08:34 +0000},
%	Date-Modified = {2018-09-07 08:08:34 +0000},
%	Doi = {10.1029/2003RG000143},
%	Journal = {Reviews of Geophysics},
%	Number = {2},
%	Pages = {RG2002},
%	Title = {Climate over past millennia},
%	Volume = {42},
%	Year = {2004},
%	Bdsk-Url-1 = {https://doi.org/10.1029/2003RG000143}}
%
%@article{parker_folland07,
%	Author = {Parker, D. and Folland, C. and Scaife, A. and Knight, J. and Colman, A. and Baines, P. and Dong, B.},
%	Date-Added = {2018-09-07 08:08:34 +0000},
%	Date-Modified = {2018-09-07 08:08:34 +0000},
%	Doi = {10.1029/2007JD008411},
%	Journal = {Journal of Geophysical Research},
%	Number = {D18},
%	Pages = {D18115},
%	Publisher = {American Geophysical Union},
%	Title = {Decadal to multidecadal variability and the climate change background},
%	Volume = {112},
%	Year = {2007},
%	Bdsk-Url-1 = {https://doi.org/10.1029/2007JD008411}}
%
%@book{ipcc_paleo07,
%	Address = {Cambridge, United Kingdom and New York, NY, USA.},
%	Author = {E. Jansen and J. Overpeck and K.R. Briffa and J.-C. Duplessy and F. Joos and V. Masson-Delmotte and D. Olago and B. Otto-Bliesner and W. R. Peltier and S. Rahmstorf and R. Ramesh and D. Raynaud and D. Rind and O. Solomina and R. Villalba and D. Zhang},
%	Chapter = {Palaeoclimate},
%	Date-Added = {2018-09-07 08:08:34 +0000},
%	Date-Modified = {2018-09-07 08:08:34 +0000},
%	Editor = {S. Solomon and D. Qin and M. Manning and Z. Chen and M. Marquis and K. B. Averyt and M. Tignor and H. L. Miller},
%	Publisher = {Cambridge University Press},
%	Title = {Climate Change 2007: The Physical Science Basis. Contribution of Working Group I to the Fourth Assessment Report of the Intergovernmental Panel on Climate Change},
%	Year = {2007}}
%
%@techreport{pacanowski_griffies99,
%	Address = {Princeton, NJ, USA},
%	Author = {R. C. Pacanowski and S. M. Griffies},
%	Date-Added = {2018-09-07 08:08:34 +0000},
%	Date-Modified = {2018-09-07 08:08:34 +0000},
%	Institution = {NOAA/Geophyical Fluid Dynamics Laboratory},
%	Number = {Tech. Rep. 4},
%	Title = {The {MOM-3} manual},
%	Year = {1999}}
%
%
%@article{eby_weaver12,
%	Author = {Eby, M. and Weaver, A. J. and Alexander, K. and Zickfeld, K. and Abe-Ouchi, A. and Cimatoribus, A. A. and Crespin, E. and Drijfhout, S. S. and Edwards, N. R. and Eliseev, A. V. and Feulner, G. and Fichefet, T. and Forest, C. E. and Goosse, H. and Holden, P. B. and Joos, F. and Kawamiya, M. and Kicklighter, D. and Kienert, H. and Matsumoto, K. and Mokhov, I. I. and Monier, E. and Olsen, S. M. and Pedersen, J. O. P. and Perrette, M. and Philippon-Berthier, G. and Ridgwell, A. and Schlosser, A. and {Schnpageser von Deimling}, T. and Shaffer, G. and Smith, R. S. and Spahni, R. and Sokolov, A. P. and Steinacher, M. and Tachiiri, K. and Tokos, K. and Yoshimori, M. and Zeng, N. and Zhao, F.},
%	Date-Added = {2018-09-07 08:08:34 +0000},
%	Date-Modified = {2018-09-07 08:08:34 +0000},
%	Doi = {10.5194/cpd-8-4121-2012},
%	Journal = {Climate of the Past Discussions},
%	Number = {4},
%	Pages = {4121--4181},
%	Title = {{Historical and idealized climate model experiments: an EMIC intercomparison}},
%	Volume = {8},
%	Year = {2012},
%	Bdsk-Url-1 = {https://doi.org/10.5194/cpd-8-4121-2012}}
%
%@article{luterbacher_xoplaki02,
%	Author = {Luterbacher, J. and Xoplaki, E. and Dietrich, D. and Rickli, R. and Jacobeit, J. and Beck, C. and Gyalistras, D. and Schmutz, C. and Wanner, H.},
%	Date-Added = {2018-09-07 08:08:34 +0000},
%	Date-Modified = {2018-09-07 08:08:34 +0000},
%	Doi = {10.1007/s00382-001-0196-6},
%	Issn = {0930-7575},
%	Journal = {Climate Dynamics},
%	Month = mar,
%	Number = {7},
%	Pages = {545--561},
%	Title = {{Reconstruction of sea level pressure fields over the Eastern North Atlantic and Europe back to 1500}},
%	Volume = {18},
%	Year = {2002},
%	Bdsk-Url-1 = {https://doi.org/10.1007/s00382-001-0196-6}}
%
%@article{goosse_guiot12,
%	Author = {Goosse, Hugues and Guiot, Joel and Mann, Michael E. and Dubinkina, Svetlana and Sallaz-Damaz, Yoann},
%	Date-Added = {2018-09-07 08:08:34 +0000},
%	Date-Modified = {2018-09-07 08:08:34 +0000},
%	Doi = {10.1016/j.gloplacha.2011.07.002},
%	Issn = {09218181},
%	Journal = {Global and Planetary Change},
%	Month = mar,
%	Pages = {35--47},
%	Title = {{The medieval climate anomaly in Europe: Comparison of the summer and annual mean signals in two reconstructions and in simulations with data assimilation}},
%	Volume = {84-85},
%	Year = {2012},
%	Bdsk-Url-1 = {https://doi.org/10.1016/j.gloplacha.2011.07.002}}
%
%@article{lockwood12,
%	Author = {Lockwood, Mike},
%	Date-Added = {2018-09-07 08:08:34 +0000},
%	Date-Modified = {2018-09-07 08:08:34 +0000},
%	Doi = {10.1007/s10712-012-9181-3},
%	Issn = {0169-3298},
%	Journal = {Surveys in Geophysics},
%	Month = may,
%	Number = {3-4},
%	Pages = {503--534},
%	Title = {{Solar Influence on Global and Regional Climates}},
%	Volume = {33},
%	Year = {2012},
%	Bdsk-Url-1 = {https://doi.org/10.1007/s10712-012-9181-3}}
%
%@article{shindell_schmidt04,
%	Author = {Shindell, Drew T.},
%	Date-Added = {2018-09-07 08:08:34 +0000},
%	Date-Modified = {2018-09-07 08:08:34 +0000},
%	Doi = {10.1029/2003JD004151},
%	Issn = {0148-0227},
%	Journal = {Journal of Geophysical Research},
%	Number = {D5},
%	Pages = {D05104},
%	Title = {{Dynamic winter climate response to large tropical volcanic eruptions since 1600}},
%	Volume = {109},
%	Year = {2004},
%	Bdsk-Url-1 = {https://doi.org/10.1029/2003JD004151}}
%
%@article{Crowley2012,
%	Author = {Crowley, T. J. and Unterman, M. B.},
%	Date-Added = {2018-09-07 08:08:34 +0000},
%	Date-Modified = {2018-09-07 08:08:34 +0000},
%	Doi = {10.5194/essdd-5-1-2012},
%	Issn = {1866-3591},
%	Journal = {Earth System Science Data Discussions},
%	Month = jan,
%	Number = {1},
%	Pages = {1--28},
%	Title = {{Technical details concerning development of a 1200-yr proxy index for global volcanism}},
%	Volume = {5},
%	Year = {2012},
%	Bdsk-Url-1 = {https://doi.org/10.5194/essdd-5-1-2012}}
%
%@article{hunt11,
%	Author = {Hunt, B. G.},
%	Date-Added = {2018-09-07 08:08:34 +0000},
%	Date-Modified = {2018-09-07 08:08:34 +0000},
%	Doi = {10.1007/s00382-010-0860-9},
%	Issn = {0930-7575},
%	Journal = {Climate Dynamics},
%	Month = jun,
%	Number = {1-2},
%	Pages = {19--34},
%	Title = {{Wind forcing of the ocean and the Atlantic meridional overturning circulation}},
%	Volume = {37},
%	Year = {2011},
%	Bdsk-Url-1 = {https://doi.org/10.1007/s00382-010-0860-9}}
%
%@article{hunt06,
%	Author = {Hunt, B. G.},
%	Date-Added = {2018-09-07 08:08:34 +0000},
%	Date-Modified = {2018-09-07 08:08:34 +0000},
%	Doi = {10.1007/s00382-006-0153-5},
%	Issn = {0930-7575},
%	Journal = {Climate Dynamics},
%	Month = may,
%	Number = {7-8},
%	Pages = {677--694},
%	Title = {{The Medieval Warm Period, the Little Ice Age and simulated climatic variability}},
%	Volume = {27},
%	Year = {2006},
%	Bdsk-Url-1 = {https://doi.org/10.1007/s00382-006-0153-5}}
%
%
%@article{robock00,
%	Author = {Robock, Alan},
%	Date-Added = {2018-09-07 08:08:34 +0000},
%	Date-Modified = {2018-09-07 08:08:34 +0000},
%	Doi = {10.1029/1998RG000054},
%	Issn = {1944-9208},
%	Journal = {Reviews of Geophysics},
%	Number = {2},
%	Pages = {191--219},
%	Title = {Volcanic eruptions and climate},
%	Volume = {38},
%	Year = {2000},
%	Bdsk-Url-1 = {https://doi.org/10.1029/1998RG000054}}
%
%@article{stenchikov_kirchner98,
%	Author = {Stenchikov, Georgiy L. and Kirchner, Ingo and Robock, Alan and Graf, Hans-F. and Antu\~{n}a, Juan Carlos and Grainger, R. G. and Lambert, Alyn and Thomason, Larry},
%	Date-Added = {2018-09-07 08:08:34 +0000},
%	Date-Modified = {2018-09-07 08:08:34 +0000},
%	Doi = {10.1029/98JD00693},
%	Issn = {0148-0227},
%	Journal = {Journal of Geophysical Research},
%	Month = jun,
%	Number = {D12},
%	Pages = {13837},
%	Title = {{Radiative forcing from the 1991 Mount Pinatubo volcanic eruption}},
%	Volume = {103},
%	Year = {1998},
%	Bdsk-Url-1 = {https://doi.org/10.1029/98JD00693}}
%
%@article{kirchner_stenchikov98,
%	Author = {Kirchner, Ingo and Stenchikov, Georgiy L. and Graf, Hans-F. and Robock, Alan and Antu{\~n}a, Juan Carlos},
%	Date-Added = {2018-09-07 08:08:34 +0000},
%	Date-Modified = {2018-09-07 08:08:34 +0000},
%	Doi = {10.1029/1999JD900213},
%	Issn = {2156-2202},
%	Journal = {Journal of Geophysical Research: Atmospheres},
%	Number = {D16},
%	Pages = {19039--19055},
%	Title = {Climate model simulation of winter warming and summer cooling following the 1991 Mount Pinatubo volcanic eruption},
%	Volume = {104},
%	Year = {1999},
%	Bdsk-Url-1 = {https://doi.org/10.1029/1999JD900213}}
%
%@article{goosse_renssen05,
%	Author = {Goosse, Hugues and Renssen, Hans and Timmermann, Axel and Bradley, Raymond S.},
%	Date-Added = {2018-09-07 08:08:34 +0000},
%	Date-Modified = {2018-09-07 08:08:34 +0000},
%	Doi = {10.1016/j.quascirev.2004.12.009},
%	Issn = {02773791},
%	Journal = {Quaternary Science Reviews},
%	Month = jul,
%	Number = {12-13},
%	Pages = {1345--1360},
%	Title = {{Internal and forced climate variability during the last millennium: a model-data comparison using ensemble simulations}},
%	Volume = {24},
%	Year = {2005},
%	Bdsk-Url-1 = {https://doi.org/10.1016/j.quascirev.2004.12.009}}
%
%@article{gouirand_moberg06,
%	Author = {Gouirand, Isabelle and Moberg, Anders and Zorita, Eduardo},
%	Date-Added = {2018-09-07 08:08:34 +0000},
%	Date-Modified = {2018-09-07 08:08:34 +0000},
%	Doi = {10.1111/j.1600-0870.2006.00207.x},
%	Issn = {0280-6495},
%	Journal = {Tellus A},
%	Month = jan,
%	Number = {1},
%	Pages = {30--49},
%	Title = {{Climate variability in Scandinavia for the past millennium simulated by an atmosphere-ocean general circulation model}},
%	Volume = {59},
%	Year = {2006},
%	Bdsk-Url-1 = {https://doi.org/10.1111/j.1600-0870.2006.00207.x}}
%
%@article{timmreck12,
%	Author = {Timmreck, C},
%	Date-Added = {2018-09-07 08:08:34 +0000},
%	Date-Modified = {2018-09-07 08:08:34 +0000},
%	Doi = {10.1002/wcc.192},
%	Issn = {1757-7799},
%	Journal = {Wiley Interdisciplinary Reviews: Climate Change},
%	Number = {6},
%	Pages = {545--564},
%	Publisher = {John Wiley \& Sons, Inc.},
%	Title = {{Modeling the climatic effects of large explosive volcanic eruptions}},
%	Volume = {3},
%	Year = {2012},
%	Bdsk-Url-1 = {https://doi.org/10.1002/wcc.192}}
%
%@article{park_latif11,
%	Author = {Park, W. and Latif, M.},
%	Date-Added = {2018-09-07 08:08:34 +0000},
%	Date-Modified = {2018-09-07 08:08:34 +0000},
%	Doi = {10.1007/s00382-011-1212-0},
%	Issn = {0930-7575},
%	Journal = {Climate Dynamics},
%	Month = oct,
%	Number = {7-8},
%	Pages = {1709--1726},
%	Title = {{Atlantic Meridional Overturning Circulation response to idealized external forcing}},
%	Volume = {39},
%	Year = {2011},
%	Bdsk-Url-1 = {https://doi.org/10.1007/s00382-011-1212-0}}
%
%
%@article{knight_allen05,
%	Author = {Knight, Jeff R. and Allen, Robert J. and Folland, Chris K. and Vellinga, Michael and Mann, Michael E.},
%	Date-Added = {2018-09-07 08:08:34 +0000},
%	Date-Modified = {2018-09-07 08:08:34 +0000},
%	Doi = {10.1029/2005GL024233},
%	Issn = {0094-8276},
%	Journal = {Geophysical Research Letters},
%	Number = {20},
%	Pages = {L20708},
%	Title = {{A signature of persistent natural thermohaline circulation cycles in observed climate}},
%	Volume = {32},
%	Year = {2005},
%	Bdsk-Url-1 = {https://doi.org/10.1029/2005GL024233}}
%
%@article{knudsen_spagesenkrantz11,
%	Author = {Knudsen, Mads Faurschou and Spagesenkrantz, Marit-Solveig and Jacobsen, Bo Holm and Kuijpers, Antoon},
%	Date-Added = {2018-09-07 08:08:34 +0000},
%	Date-Modified = {2018-09-07 08:08:34 +0000},
%	Doi = {10.1038/ncomms1186},
%	Issn = {2041-1723},
%	Journal = {Nature communications},
%	Month = jan,
%	Pages = {178},
%	Pmid = {21285956},
%	Publisher = {Nature Publishing Group},
%	Title = {{Tracking the Atlantic Multidecadal Oscillation through the last 8,000 years.}},
%	Volume = {2},
%	Year = {2011},
%	Bdsk-Url-1 = {https://doi.org/10.1038/ncomms1186}}
%
%@article{sedlacek_mysak09,
%	Author = {Sedl\'{a}\v{c}ek, Jan and Mysak, Lawrence A.},
%	Date-Added = {2018-09-07 08:08:34 +0000},
%	Date-Modified = {2018-09-07 08:08:34 +0000},
%	Doi = {10.1007/s00382-008-0406-6},
%	Issn = {0930-7575},
%	Journal = {Climate Dynamics},
%	Month = apr,
%	Number = {6},
%	Pages = {817--831},
%	Title = {{Sensitivity of sea ice to wind-stress and radiative forcing since 1500: a model study of the Little Ice Age and beyond}},
%	Volume = {32},
%	Year = {2009},
%	Bdsk-Url-1 = {https://doi.org/10.1007/s00382-008-0406-6}}
%
%@article{fernandez-donaldo_gonzales_rouco13,
%	Author = {Fern\'{a}ndez-Donado, L. and Gonz\'{a}lez-Rouco, J. F. and Raible, C. C. and Ammann, C. M. and Barriopedro, D. and Garc\'{\i}a-Bustamante, E. and Jungclaus, J. H. and Lorenz, S. J. and Luterbacher, J. and Phipps, S. J. and Servonnat, J. and Swingedouw, D. and Tett, S. F. B. and Wagner, S. and Yiou, P. and Zorita, E.},
%	Date-Added = {2018-09-07 08:08:34 +0000},
%	Date-Modified = {2018-09-07 08:08:34 +0000},
%	Doi = {10.1038/ngeo955},
%	Issn = {1814-9359},
%	Journal = {Climate of the Past},
%	Month = aug,
%	Pages = {393--421},
%	Title = {{Temperature response to external forcing in simulations and reconstructions of the last millennium}},
%	Volume = {9},
%	Year = {2013},
%	Bdsk-Url-1 = {https://doi.org/10.1038/ngeo955}}
%
%@article{schlesinger_ramankutty94,
%	Author = {Schlesinger, ME and Ramankutty, N},
%	Date-Added = {2018-09-07 08:08:34 +0000},
%	Date-Modified = {2018-09-07 08:08:34 +0000},
%	Doi = {10.1038/367723a0},
%	Journal = {Nature},
%	Number = {723-726},
%	Pages = {1994},
%	Title = {{An oscillation in the global climate system of period 65-70 years}},
%	Volume = {367},
%	Year = {1994},
%	Bdsk-Url-1 = {https://doi.org/10.1038/367723a0}}
%
%@article{pohlmann_jungclaus09,
%	Author = {Pohlmann, Holger and Jungclaus, Johann H. and K\"{o}hl, Armin and Stammer, Detlef and Marotzke, Jochem},
%	Date-Added = {2018-09-07 08:08:34 +0000},
%	Date-Modified = {2018-09-07 08:08:34 +0000},
%	Doi = {10.1175/2009JCLI2535.1},
%	Issn = {0894-8755},
%	Journal = {Journal of Climate},
%	Month = jul,
%	Number = {14},
%	Pages = {3926--3938},
%	Title = {{Initializing Decadal Climate Predictions with the GECCO Oceanic Synthesis: Effects on the North Atlantic}},
%	Volume = {22},
%	Year = {2009},
%	Bdsk-Url-1 = {https://doi.org/10.1175/2009JCLI2535.1}}
%
%@article{kuhlbrodt_griesel07,
%	Author = {Kuhlbrodt, T. and Griesel, A. and Montoya, M. and Levermann, A. and Hofmann, M. and Rahmstorf, S.},
%	Date-Added = {2018-09-07 08:08:34 +0000},
%	Date-Modified = {2018-09-07 08:08:34 +0000},
%	Doi = {200710.1029/2004RG000166},
%	Journal = {Reviews of Geophysics},
%	Month = apr,
%	Pages = {32 PP.},
%	Title = {{On the driving processes of the Atlantic meridional overturning circulation}},
%	Volume = {45},
%	Year = {2007},
%	Bdsk-Url-1 = {https://doi.org/10.1029/2004RG000166}}
%
%@article{lehner_raible12,
%	Author = {Lehner, Flavio and Raible, Christoph C and Stocker, Thomas F},
%	Date-Added = {2018-09-07 08:08:34 +0000},
%	Date-Modified = {2018-09-07 08:08:34 +0000},
%	Doi = {10.1016/j.quascirev.2012.04.025},
%	Journal = {Quaternary Science Reviews},
%	Pages = {85--94},
%	Publisher = {Elsevier},
%	Title = {Testing the robustness of a precipitation proxy-based North Atlantic Oscillation reconstruction},
%	Volume = {45},
%	Year = {2012},
%	Bdsk-Url-1 = {https://doi.org/10.1016/j.quascirev.2012.04.025}}
%
%@article{miettinen_divine12,
%	Author = {Miettinen, Arto and Divine, Dmitry and Ko{\c{c}}, Nalan and Godtliebsen, Fred and Hall, Ian R},
%	Date-Added = {2018-09-07 08:08:34 +0000},
%	Date-Modified = {2018-09-07 08:08:34 +0000},
%	Doi = {10.1175/JCLI-D-11-00581.1},
%	Journal = {Journal of Climate},
%	Pages = {4205--4219},
%	Title = {{Multicentennial Variability of the Sea Surface Temperature Gradient across the Subpolar North Atlantic over the Last 2.8 kyr}},
%	Volume = {25},
%	Year = {2012},
%	Bdsk-Url-1 = {https://doi.org/10.1175/JCLI-D-11-00581.1}}
%
%@article{cook_darrigo01,
%	Author = {Cook, ER and D'Arrigo, RD and Mann, ME},
%	Date-Added = {2018-09-07 08:08:34 +0000},
%	Date-Modified = {2018-09-07 08:08:34 +0000},
%	Journal = {Journal of Climate},
%	Number = {2001},
%	Pages = {1754--1764},
%	Title = {{A well-verified, multiproxy reconstruction of the winter North Atlantic Oscillation Index since ad 1400*}},
%	Volume = {15},
%	Year = {2002}}
%
%
%@article{berner_koc11,
%	Author = {Berner, K. S. and Ko{\c c}, N. and Godtliebsen, F. and Divine, D.},
%	Date-Added = {2018-09-07 08:08:34 +0000},
%	Date-Modified = {2018-09-07 08:08:34 +0000},
%	Doi = {10.1029/2010PA002002},
%	Journal = {Paleoceanography},
%	Number = {2},
%	Pages = {PA2220},
%	Title = {Holocene climate variability of the Norwegian Atlantic Current during high and low solar insolation forcing},
%	Volume = {26},
%	Year = {2011},
%	Bdsk-Url-1 = {https://doi.org/10.1029/2010PA002002}}
%
%@article{lacasa_nunez12,
%	Author = {Lacasa, Lucas and Nu{\~n}ez, Angel and Rold{\'a}n, {\'E}dgar and Parrondo, Juan MR and Luque, Bartolo},
%	Date-Added = {2018-09-07 08:08:34 +0000},
%	Date-Modified = {2018-09-07 08:08:34 +0000},
%	Journal = {The European Physical Journal B},
%	Number = {6},
%	Pages = {1--11},
%	Publisher = {Springer},
%	Title = {Time series irreversibility: a visibility graph approach},
%	Volume = {85},
%	Year = {2012}}
%
%@article{donges_donner13,
%	Author = {Donges, Jonathan F. and Donner, Reik V. and Kurths, J\"{u}rgen},
%	Date-Added = {2018-09-07 08:08:34 +0000},
%	Date-Modified = {2018-09-07 08:08:34 +0000},
%	Doi = {10.1209/0295-5075/102/10004},
%	Issn = {0295-5075},
%	Journal = {Europhysics Letters},
%	Month = apr,
%	Number = {1},
%	Pages = {10004},
%	Title = {{Testing time series irreversibility using complex network methods}},
%	Volume = {102},
%	Year = {2013},
%	Bdsk-Url-1 = {https://doi.org/10.1209/0295-5075/102/10004}}
%
%@article{semenov_park09,
%	Author = {Semenov, VA and Park, Wonsun and Latif, Mojib},
%	Date-Added = {2018-09-07 08:08:34 +0000},
%	Date-Modified = {2018-09-07 08:08:34 +0000},
%	Doi = {200910.1029/2009GL038911},
%	Journal = {Geophysical Research Letters},
%	Month = jul,
%	Number = {L14709},
%	Title = {{Barents Sea inflow shutdown: A new mechanism for rapid climate changes}},
%	Volume = {36},
%	Year = {2009},
%	Bdsk-Url-1 = {https://doi.org/10.1029/2009GL038911}}
%
%@article{BraakJuggins1993,
%	Author = {ter Braak, Cajo J.F. and Juggins, Steve},
%	Date-Added = {2018-09-07 08:08:34 +0000},
%	Date-Modified = {2018-09-07 08:08:34 +0000},
%	Doi = {10.1007/BF00028046},
%	Journal = {Hydrobiologia},
%	Number = {1},
%	Pages = {485-502},
%	Title = {Weighted averaging partial least squares regression (WA-PLS): an improved method for reconstructing environmental variables from species assemblages},
%	Volume = {269-270},
%	Year = {1993},
%	Bdsk-Url-1 = {https://doi.org/10.1007/BF00028046}}
%
%
%@article{Andersen2004,
%	Author = {{Andersen}, C. and {Ko{\c c}}, N. and {Jennings}, A. and {Andrews}, J.~T.},
%	Date-Added = {2018-09-07 08:08:34 +0000},
%	Date-Modified = {2018-09-07 08:08:34 +0000},
%	Doi = {10.1029/2002PA000873},
%	Journal = {Paleoceanography},
%	Month = apr,
%	Pages = {PA2003},
%	Title = {{Nonuniform response of the major surface currents in the Nordic Seas to insolation forcing: Implications for the Holocene climate variability}},
%	Volume = 19,
%	Year = 2004,
%	Bdsk-Url-1 = {https://doi.org/10.1029/2002PA000873}}
%
%@article{Berner2011,
%	Author = {{Berner}, K.~S. and {Ko{\c c}}, N. and {Godtliebsen}, F. and {Divine}, D.},
%	Date-Added = {2018-09-07 08:08:34 +0000},
%	Date-Modified = {2018-09-07 08:08:34 +0000},
%	Doi = {10.1029/2010PA002002},
%	Journal = {Paleoceanography},
%	Keywords = {Global Change: Climate variability (1635, 3305, 3309, 4215, 4513), Marine Geology and Geophysics: Micropaleontology (0459, 4944), Global Change: Solar variability (7537), Marine Geology and Geophysics: Marine hydrogeology, Oceanography: Physical: Decadal ocean variability (1616, 1635, 3305, 4215)},
%	Month = jun,
%	Number = 26,
%	Pages = {PA2220},
%	Title = {{Holocene climate variability of the Norwegian Atlantic Current during high and low solar insolation forcing}},
%	Volume = 26,
%	Year = 2011,
%	Bdsk-Url-1 = {https://doi.org/10.1029/2010PA002002}}
%
%@article{Theiler1992,
%	Author = {{Theiler}, J. and {Eubank}, S. and {Longtin}, A. and {Galdrikian}, B. and {Farmer}, J. D.},
%	Date-Added = {2018-09-07 08:08:34 +0000},
%	Date-Modified = {2018-09-07 08:08:34 +0000},
%	Doi = {10.1016/0167-2789(92)90102-S},
%	Journal = {Physica D},
%	Pages = {77 -- 94},
%	Title = {Testing for nonlinearity in time series: the method of surrogate data},
%	Volume = {58},
%	Year = {1992},
%	Bdsk-Url-1 = {https://doi.org/10.1016/0167-2789(92)90102-S}}
%
%@article{rehfeld_marwan11,
%	Author = {Rehfeld, K. and Marwan, N. and Heitzig, J. and Kurths, J.},
%	Date-Added = {2018-09-07 08:08:34 +0000},
%	Date-Modified = {2018-09-07 08:08:34 +0000},
%	Doi = {10.5194/npg-18-389-2011},
%	Issn = {1607-7946},
%	Journal = {Nonlinear Processes in Geophysics},
%	Month = jun,
%	Number = {3},
%	Pages = {389--404},
%	Title = {{Comparison of correlation analysis techniques for irregularly sampled time series}},
%	Volume = {18},
%	Year = {2011},
%	Bdsk-Url-1 = {https://doi.org/10.5194/npg-18-389-2011}}
%
%
%@article{stroeve_serreze11,
%	Author = {Stroeve, Julienne C. and Serreze, Mark C. and Holland, Marika M. and Kay, Jennifer E. and Malanik, James and Barrett, Andrew P.},
%	Date-Added = {2018-09-07 08:08:34 +0000},
%	Date-Modified = {2018-09-07 08:08:34 +0000},
%	Doi = {10.1007/s10584-011-0101-1},
%	Issn = {0165-0009},
%	Journal = {Climatic Change},
%	Month = jun,
%	Number = {3-4},
%	Pages = {1005--1027},
%	Title = {{The Arctic's rapidly shrinking sea ice cover: a research synthesis}},
%	Volume = {110},
%	Year = {2011},
%	Bdsk-Url-1 = {https://doi.org/10.1007/s10584-011-0101-1}}
%
%@article{jungclaus_lohmann14,
%	Author = {Jungclaus, J. H. and Lohmann, K. and Zanchettin, D.},
%	Date-Added = {2018-09-07 08:08:34 +0000},
%	Date-Modified = {2018-09-07 08:08:34 +0000},
%	Doi = {10.5194/cpd-10-2895-2014},
%	Issn = {1814-9359},
%	Journal = {Climate of the Past Discussions},
%	Month = jul,
%	Number = {4},
%	Pages = {2895--2924},
%	Title = {{Enhanced 20th century heat transfer to the Arctic simulated in the context of climate variations over the last millennium}},
%	Volume = {10},
%	Year = {2014},
%	Bdsk-Url-1 = {https://doi.org/10.5194/cpd-10-2895-2014}}
%
%@article{Lawrance1991,
%	Author = {Lawrance, A. J.},
%	Date-Added = {2018-09-07 08:08:16 +0000},
%	Date-Modified = {2018-09-07 08:08:16 +0000},
%	Doi = {10.2307/1403575},
%	Journal = {{Int. Stat. Rev.}},
%	Number = {1},
%	Pages = {67--79},
%	Title = {{Directionality and reversibility in time-series}},
%	Volume = {59},
%	Year = {1991},
%	Bdsk-Url-1 = {http://dx.doi.org/10.2307/1403575}}
%
%@article{Lacasa2008,
%	Author = {Lacasa, L. and Luque, B. and Ballesteros, F. and Luque, J. and Nuno, J.C.},
%	Date-Added = {2018-09-07 08:08:16 +0000},
%	Date-Modified = {2018-09-07 08:08:16 +0000},
%	Doi = {10.1073/pnas.0709247105},
%	Journal = {Proceedings of the National Academy of Sciences of the United States of America},
%	Number = {13},
%	Pages = {4972--4975},
%	Title = {{From time series to complex networks: The visibility graph}},
%	Volume = {105},
%	Year = {2008},
%	Bdsk-Url-1 = {http://dx.doi.org/10.1073/pnas.0709247105}}
%
%@article{Lacasa2009,
%	Author = {Lacasa, L. and Luque, B. and Luque, J. and Nuno, J.C.},
%	Date-Added = {2018-09-07 08:08:16 +0000},
%	Date-Modified = {2018-09-07 08:08:16 +0000},
%	Doi = {10.1209/0295-5075/86/30001},
%	Journal = {Europhysics Letters},
%	Number = {3},
%	Pages = {{30001}},
%	Title = {{The visibility graph: A new method for estimating the Hurst exponent of fractional Brownian motion}},
%	Volume = {86},
%	Year = {2009},
%	Bdsk-Url-1 = {http://dx.doi.org/10.1209/0295-5075/86/30001}}
%
%@article{Lacasa2011,
%	Author = {Lacasa, L. and N{\'u}{\~n}ez, {\'A}.M. and Rold{\'a}n, {\'E}. and Parrondo, J.M.R. and Luque, B.},
%	Date-Added = {2018-09-07 08:08:16 +0000},
%	Date-Modified = {2018-09-07 08:08:16 +0000},
%	Doi = {10.1140/epjb/e2012-20809-8},
%	Journal = {European Physical Journal B},
%	Pages = {217},
%	Title = {{Time series irreversibility: A visibility graph approach}},
%	Volume = {85},
%	Year = {2012},
%	Bdsk-Url-1 = {http://dx.doi.org/10.1140/epjb/e2012-20809-8}}
%
%@book{Newmanbook2010,
%	Author = {M. E. J. Newman},
%	Date-Added = {2018-09-07 08:08:16 +0000},
%	Date-Modified = {2018-09-07 08:08:16 +0000},
%	Publisher = {Oxford University Press, Oxford},
%	Title = {Networks: An Introduction},
%	Year = {2010}}
%
%@article{Donges2011b,
%	Author = {Donges, J. F. and Donner, R. V. and Rehfeld, K. and Marwan, N. and Trauth, M. H. and Kurths, J.},
%	Date-Added = {2018-09-07 08:08:16 +0000},
%	Date-Modified = {2018-09-07 08:08:16 +0000},
%	Doi = {10.5194/npg-18-545-2011},
%	Journal = {Nonlinear Proc. Geophys.},
%	Number = {5},
%	Pages = {545-562},
%	Title = {Identification of dynamical transitions in marine palaeoclimate records by recurrence network analysis},
%	Volume = {18},
%	Year = {2011},
%	Bdsk-Url-1 = {http://dx.doi.org/10.5194/npg-18-545-2011}}
%
%@article{Donner2011a,
%	Author = {Donner, R.V. and Small, M. and Donges, J.F. and Marwan, N. and Zou, Y. and Xiang, R. and Kurths, J.},
%	Date-Added = {2018-09-07 08:08:16 +0000},
%	Date-Modified = {2018-09-07 08:08:16 +0000},
%	Doi = {10.1142/S0218127411029021},
%	Journal = {International Journal of Bifurcation and Chaos},
%	Number = {4},
%	Pages = {1019-1046},
%	Title = {{Recurrence-based time series analysis by means of complex network methods}},
%	Usera = {P13},
%	Volume = {21},
%	Year = {2011},
%	Bdsk-Url-1 = {http://dx.doi.org/10.1142/S0218127411029021}}
%
%@article{Donges2011c,
%	Author = {Donges, J. F. and Donner, R. V. and Trauth, M. H. and Marwan, N. and Schellnhuber, H. -J. and Kurths, J.},
%	Date-Added = {2018-09-07 08:08:16 +0000},
%	Date-Modified = {2018-09-07 08:08:16 +0000},
%	Doi = {10.1073/pnas.1117052108},
%	Journal = {Proc. Natl. Acad. Sci. USA},
%	Number = {51},
%	Pages = {20422-20427},
%	Title = {Nonlinear detection of paleoclimate-variability transitions possibly related to human evolution},
%	Usera = {P10},
%	Volume = {108},
%	Year = {2011},
%	Bdsk-Url-1 = {http://dx.doi.org/10.1073/pnas.1117052108}}
%
%@article{Donges2013,
%	Author = {Donges, Jonathan F and Heitzig, Jobst and Runge, Jakob and Schultz, Hanna CH and Wiedermann, Marc and Zech, Alraune and Feldhoff, Jan and Rheinwalt, Aljoscha and Kutza, Hannes and Radebach, Alexander and others},
%	Date-Added = {2018-09-07 08:08:16 +0000},
%	Date-Modified = {2018-09-07 08:08:16 +0000},
%	Journal = {{Geophysical Research Abstracts}},
%	Pages = {3558},
%	Title = {{Advanced functional network analysis in the geosciences: The pyunicorn package}},
%	Volume = {15},
%	Year = {2013}}
%
%@article{aguilar2013earthquake,
%	Author = {Aguilar-San Juan, B and Guzm{\'a}n-Vargas, L},
%	Date-Added = {2018-09-07 08:08:16 +0000},
%	Date-Modified = {2018-09-07 08:08:16 +0000},
%	Journal = {The European Physical Journal B},
%	Number = {11},
%	Pages = {1--10},
%	Publisher = {Springer},
%	Title = {Earthquake magnitude time series: scaling behavior of visibility networks},
%	Volume = {86},
%	Year = {2013}}
%
%@article{telesca2012visibility,
%	Author = {Telesca, Luciano and Lovallo, Michele and Pierini, Jorge O},
%	Date-Added = {2018-09-07 08:08:16 +0000},
%	Date-Modified = {2018-09-07 08:08:16 +0000},
%	Journal = {Chaos, Solitons \&amp; Fractals},
%	Number = {9},
%	Pages = {1086--1091},
%	Publisher = {Elsevier},
%	Title = {Visibility graph approach to the analysis of ocean tidal records},
%	Volume = {45},
%	Year = {2012}}
%
%@article{telesca2013investigating,
%	Author = {Telesca, Luciano and Lovallo, Michele and Ramirez-Rojas, Alejandro and Flores-Marquez, Leticia},
%	Date-Added = {2018-09-07 08:08:16 +0000},
%	Date-Modified = {2018-09-07 08:08:16 +0000},
%	Journal = {Physica A: Statistical Mechanics and its Applications},
%	Number = {24},
%	Pages = {6571--6577},
%	Publisher = {Elsevier},
%	Title = {Investigating the time dynamics of seismicity by using the visibility graph approach: Application to seismicity of Mexican subduction zone},
%	Volume = {392},
%	Year = {2013}}
%
%@article{telesca2012analysis,
%	Author = {Telesca, Luciano and Lovallo, Michele},
%	Date-Added = {2018-09-07 08:08:16 +0000},
%	Date-Modified = {2018-09-07 08:08:16 +0000},
%	Journal = {EPL (Europhysics Letters)},
%	Number = {5},
%	Pages = {50002},
%	Publisher = {IOP Publishing},
%	Title = {Analysis of seismic sequences by using the method of visibility graph},
%	Volume = {97},
%	Year = {2012}}
%
%@article{pierini2012visibility,
%	Author = {Pierini, Jorge O and Lovallo, Michele and Telesca, Luciano},
%	Date-Added = {2018-09-07 08:08:16 +0000},
%	Date-Modified = {2018-09-07 08:08:16 +0000},
%	Journal = {Physica A: Statistical Mechanics and its Applications},
%	Number = {20},
%	Pages = {5041--5048},
%	Publisher = {Elsevier},
%	Title = {Visibility graph analysis of wind speed records measured in central Argentina},
%	Volume = {391},
%	Year = {2012}}
%
%@article{zou2014complex,
%	Author = {Zou, Yong and Small, Michael and Liu, Zonghua and Kurths, J{\"u}rgen},
%	Date-Added = {2018-09-07 08:08:16 +0000},
%	Date-Modified = {2018-09-07 08:08:16 +0000},
%	Journal = {New Journal of Physics},
%	Number = {1},
%	Pages = {013051},
%	Publisher = {IOP Publishing},
%	Title = {Complex network approach to characterize the statistical features of the sunspot series},
%	Volume = {16},
%	Year = {2014}}
%
%@article{zou2014long,
%	Author = {Zou, Yong and Donner, RV and Marwan, Norbert and Small, Michael and Kurths, J{\"u}rgen},
%	Date-Added = {2018-09-07 08:08:16 +0000},
%	Date-Modified = {2018-09-07 08:08:16 +0000},
%	Journal = {Nonlinear Processes in Geophysics Discussions},
%	Number = {1},
%	Pages = {665--703},
%	Publisher = {Copernicus GmbH},
%	Title = {Long-term changes in the North--South asymmetry of solar activity: a nonlinear dynamics characterization using visibility graphs},
%	Volume = {1},
%	Year = {2014}}
%
%@article{yu2012multifractal,
%	Author = {Yu, ZG and Anh, V and Eastes, R and Wang, D-L},
%	Date-Added = {2018-09-07 08:08:16 +0000},
%	Date-Modified = {2018-09-07 08:08:16 +0000},
%	Journal = {Nonlinear Processes in Geophysics},
%	Number = {6},
%	Pages = {657--665},
%	Publisher = {Copernicus GmbH},
%	Title = {Multifractal analysis of solar flare indices and their horizontal visibility graphs},
%	Volume = {19},
%	Year = {2012}}
%
%@article{donner2012visibility,
%	Author = {Donner, Reik V and Donges, Jonathan F},
%	Date-Added = {2018-09-07 08:08:16 +0000},
%	Date-Modified = {2018-09-07 08:08:16 +0000},
%	Journal = {Acta Geophysica},
%	Number = {3},
%	Pages = {589--623},
%	Publisher = {Springer},
%	Title = {Visibility graph analysis of geophysical time series: Potentials and possible pitfalls},
%	Volume = {60},
%	Year = {2012}}
%
%@article{liu2010statistical,
%	Author = {Liu, Chuang and Zhou, Wei-Xing and Yuan, Wei-Kang},
%	Date-Added = {2018-09-07 08:08:16 +0000},
%	Date-Modified = {2018-09-07 08:08:16 +0000},
%	Journal = {Physica A: Statistical Mechanics and its Applications},
%	Number = {13},
%	Pages = {2675--2681},
%	Publisher = {Elsevier},
%	Title = {Statistical properties of visibility graph of energy dissipation rates in three-dimensional fully developed turbulence},
%	Volume = {389},
%	Year = {2010}}
%
%@article{elsner2009visibility,
%	Author = {Elsner, JB and Jagger, TH and Fogarty, EA},
%	Date-Added = {2018-09-07 08:08:16 +0000},
%	Date-Modified = {2018-09-07 08:08:16 +0000},
%	Journal = {Geophysical Research Letters},
%	Number = {16},
%	Publisher = {Wiley Online Library},
%	Title = {Visibility network of United States hurricanes},
%	Volume = {36},
%	Year = {2009}}
%
%
%@article{stephen2015visibility,
%  title={Visibility graph based time series analysis},
%  author={Stephen, Mutua and Gu, Changgui and Yang, Huijie},
%  journal={PloS ONE},
%  volume={10},
%  number={11},
%  pages={e0143015},
%  year={2015},
%  publisher={Public Library of Science}
%}
%
