@book{hurwitz2018, 
author = {Judith Hurwitz and Daniel Kirsch}, 
publisher = {John Wiley \& Sons, Inc.}, 
title = {Machine Learning For Dummies, IBM Limited Edition},
ISB = {9781119454946},
year = {2018}, 
} 

@article{Battista1994,
Author = {Battista, G. and Eades, P. and Tamassia, R. and Tollis, I.G.},
Title = {{Algorithms for drawing graphs: An annotated bibliography}},
Journal = {Computational Geometry: Theory and Applications},
Volume = {{4}},
Number = {{5}},
Pages = {{235-282}},
Year = {{1994}},
doi = {10.1016/0925-7721(94)00014-X},
}

@book{Tong1990,
	Author = {Howell Tong},
	Publisher = {Oxford University Press, Oxford},
	Title = {Non-Linear Time Series: A Dynamical System Approach},
	ISBN = {9780198523000},
	Year = {1990}}
	

@article{poincare1890,
	Annote = {Related},
	Author = {H. Poincar{\'e}},
	Journal = {Acta Mathematica},
	Number = {1},
	Pages = {A3--A270},
	Title = {Sur la probl{\`e}me des trois corps et les {\'e}quations de la dynamique},
	Volume = {13},
	Year = {1890}}
	
@ARTICLE{sidcDataBelgium,
   author = {{SIDC-team}},
  address = {Royal Observatory of Belgium, Ringlaan 3, 1180 Brussel, Belgium},
    title = "{The International Sunspot Number \& Sunspot Area Data}",
  journal = {Monthly Report on the International Sunspot Number, {{\url {http://www.sidc.be/sunspot-data/}}},  Royal Observatory Greenwich, {{\url {http://solarscience.msfc.nasa.gov/greenwch.shtml/}}}},
     year = {2011},
    month = {},
   volume = {},
    pages = {},
}.


@article{Theiler1986,
  title = {Spurious dimension from correlation algorithms applied to limited time-series data},
  author = {Theiler, James},
  journal = {Phys. Rev. A},
  volume = {34},
  issue = {3},
  pages = {2427--2432},
  numpages = {0},
  year = {1986},
  month = {Sep},
  doi = {10.1103/PhysRevA.34.2427},
}


@article {Barabasi199,
	author = {Barab{\'a}si, Albert-L{\'a}szl{\'o} and Albert, R{\'e}ka},
	title = {Emergence of Scaling in Random Networks},
	volume = {286},
	number = {5439},
	pages = {509--512},
	year = {1999},
	doi = {10.1126/science.286.5439.509},
	publisher = {American Association for the Advancement of Science},
	abstract = {Systems as diverse as genetic networks or the World Wide Web are best described as networks with complex topology. A common property of many large networks is that the vertex connectivities follow a scale-free power-law distribution. This feature was found to be a consequence of two generic mechanisms: (i) networks expand continuously by the addition of new vertices, and (ii) new vertices attach preferentially to sites that are already well connected. A model based on these two ingredients reproduces the observed stationary scale-free distributions, which indicates that the development of large networks is governed by robust self-organizing phenomena that go beyond the particulars of the individual systems.},
	issn = {0036-8075},
	journal = {Science},
}


@article{Erdos1959, 
author = {Erd{\"o}s, P. and R\'enyi, A.}, 
year    = {1959},
title      ={ On Random Graphs. I}, 
journal = {Publicationes Mathematicae}, 
volume ={6},
pages  = {290--297},
}

@book{Cohenbook2010,
	Author = {R. Cohen and S. Havlin},
	Date-Added = {2011-10-11 13:18:41 +0200},
	Date-Modified = {2012-02-19 18:57:02 +0000},
	Publisher = {Cambridge University Press, Cambridge},
	Title = {{Complex networks: Structure, robustness and function}},
	Year = {2010}}

@book{Newmanbook2010,
	Author = {M. E. J. Newman},
	Date-Added = {2011-10-11 13:18:41 +0200},
	Date-Modified = {2012-02-19 18:58:18 +0000},
	Publisher = {Oxford University Press, Oxford},
	Title = {{Networks: An introduction}},
	Year = {2010}}


@article{Crutchfield1989,
  title = {Inferring statistical complexity},
  author = {Crutchfield, James P. and Young, Karl},
  journal = {Phys. Rev. Lett.},
  volume = {63},
  issue = {2},
  pages = {105--108},
  numpages = {0},
  year = {1989},
  month = {Jul},
  doi = {10.1103/PhysRevLett.63.105},
}

@article{Albert2002,
	Author = {R. Albert and A.-L. Barabasi},
	Journal = {{Rev. Mod. Phys.}},
	Number = {1},
	Pages = {47--97},
	Title = {{Statistical mechanics of complex networks}},
	Volume = {74},
	Year = {2002},
	doi = {10.1103/RevModPhys.74.47},
	}

@article{Newman2003,
	Author = {M. E. J. Newman},
	Journal = {{SIAM Rev.}},
	Number = {2},
	Pages = {167--256},
	Title = {{The structure and function of complex networks}},
	Volume = {45},
	Year = {2003},
	doi = {10.1137/S003614450342480},
	}

@article{Arenas2008,
	Author = {A. Arenas and A. Diaz-Guilera and J. Kurths and Y. Moreno and C. Zhou},
	Doi = {10.1016/j.physrep.2008.09.002},
	Journal = {{Physics Reports}},
	Number = {3},
	Pages = {93--153},
	Title = {{Synchronization in complex networks}},
	Volume = {469},
	Year = {2008},
	Bdsk-Url-1 = {http://dx.doi.org/10.1016/j.physrep.2008.09.002}}

@article{Boccaletti2006,
	Author = {S. Boccaletti and V. Latora and Y. Moreno and M. Chavez and D.-U. Hwang},
	Doi = {10.1016/j.physrep.2005.10.009},
	Journal = {{Phys. Rep.}},
	Number = {4-5},
	Pages = {175--308},
	Title = {{Complex networks: Structure and dynamics}},
	Volume = {424},
	Year = {2006},
	Bdsk-Url-1 = {http://dx.doi.org/10.1016/j.physrep.2005.10.009}}

@article{Costa2007,
	Author = {L.~da~F. Costa and F. A. Rodrigues and G. Travieso and P. R. {Villas Boas}},
	Doi = {10.1080/00018730601170527},
	Journal = {{Adv. Phys.}},
	Number = {1},
	Pages = {167--242},
	Title = {{Characterization of complex networks: A survey of measurements}},
	Volume = {56},
	Year = {2007},
	Bdsk-Url-1 = {http://dx.doi.org/10.1080/00018730601170527}}

@article{Wang2002,
	Author = {X. F. Wang and G. R. Chen},
	Journal = {{International Journal of Bifurcation and Chaos}},
	Number = {{1}},
	Pages = {{187--192}},
	Title = {{Synchronization in small-world dynamical networks}},
	Volume = {{12}},
	Year = {{2002}}}

@article{Freeman1977,
	Author = {L. C. Freeman},
	Journal = {Sociometry},
	Number = {{1}},
	Pages = {{35--41}},
	Title = {Set of measures of centrality based on betweenness},
	Volume = {{40}},
	Year = {{1977}}}

@article{Freeman1979,
	Author = {L. C. Freeman},
	Journal = {Social Networks},
	Number = {{3}},
	Pages = {{215--239}},
	Title = {Centrality in social networks conceptual clarification},
	Volume = {{1}},
	Year = {{1979}}}

@article{Csardi2006,
	Author = {G. Cs{\'a}rdi and T. Nepusz},
	Journal = {InterJournal},
	Pages = {1695},
	Title = {The \texttt{igraph} software package for complex network research},
	Volume = {CX.18},
	Year = {2006}}

@article{Zhou2007,
	Article-Number = {178},
	Author = {C. Zhou and L. Zemanova and G. Zamora-Lopez and C. C. Hilgetag and J. Kurths},
	Doi = {10.1088/1367-2630/9/6/178},
	Journal = {{New J. Phys.}},
	Number = {6},
	Pages = {178},
	Title = {{Structure-function relationship in complex brain networks expressed by hierarchical synchronization}},
	Volume = {{9}},
	Year = {{2007}},
	Bdsk-Url-1 = {http://dx.doi.org/10.1088/1367-2630/9/6/178}}

@article{Zhou2006,
	Article-Number = {{238103}},
	Author = {C. Zhou and L. Zemanova and G. Zamora and C. C. Hilgetag and J. Kurths},
	Doi = {10.1103/PhysRevLett.97.238103},
	Journal = {{Phys. Rev. Lett.}},
	Number = {{23}},
	Pages = {{238103}},
	Title = {{Hierarchical organization unveiled by functional connectivity in complex brain networks}},
	Volume = {{97}},
	Year = {{2006}},
	Bdsk-Url-1 = {http://dx.doi.org/10.1103/PhysRevLett.97.238103}}

@article{Donges2009b,
	Article-Number = {{48007}},
	Author = {J. F. Donges and Y. Zou and N. Marwan and J. Kurths},
	Doi = {10.1209/0295-5075/87/48007},
	Journal = {Europhys. Lett.},
	Number = {{4}},
	Pages = {{48007}},
	Title = {The backbone of the climate network},
	Volume = {{87}},
	Year = {{2009}},
	Bdsk-Url-1 = {http://dx.doi.org/10.1209/0295-5075/87/48007}}

@article{Donges2009a,
	Author = {J. F. Donges and Y. Zou and N. Marwan and J. Kurths},
	Doi = {10.1140/epjst/e2009-01098-2},
	Journal = {{Eur. Phys. J. ST}},
	Pages = {157--179},
	Title = {{Complex networks in climate dynamics - Comparing linear and nonlinear network construction methods}},
	Volume = {174},
	Year = {2009},
	Bdsk-Url-1 = {http://dx.doi.org/10.1140/epjst/e2009-01098-2}}

@article{Tsonis2004,
	Author = {A. A. Tsonis and P. J. Roebber},
	Journal = {Physica A},
	Pages = {497-504},
	Title = {{The architecture of the climate network}},
	Volume = {333},
	Year = {2004},
	doi={10.1016/j.physa.2003.10.045},
}

@article{marwan2007,
	Abstract = {Recurrence is a fundamental property of dynamical systems, which can be exploited to characterise the system's behaviour in phase space. A powerful tool for their visualisation and analysis called recurrence plot was introduced in the late 1980's. This report is a comprehensive overview covering recurrence based methods and their applications with an emphasis on recent developments. After a brief outline of the theory of recurrences, the basic idea of the recurrence plot with its variations is presented. This includes the quantification of recurrence plots, like the recurrence quantification analysis, which is highly effective to detect, e. g., transitions in the dynamics of systems from time series. A main point is how to link recurrences to dynamical invariants and unstable periodic orbits. This and further evidence suggest that recurrences contain all relevant information about a system's behaviour. As the respective phase spaces of two systems change due to coupling, recurrence plots allow studying and quantifying their interaction. This fact also provides us with a sensitive tool for the study of synchronisation of complex systems. In the last part of the report several applications of recurrence plots in economy, physiology, neuroscience, earth sciences, astrophysics and engineering are shown. The aim of this work is to provide the readers with the know how for the application of recurrence plot based methods in their own field of research. We therefore detail the analysis of data and indicate possible difficulties and pitfalls.},
	Annote = {Basics},
	Author = {N. Marwan and M. C. Romano and M. Thiel and J. Kurths},
	Journal = {Phys. Rep.},
	Keywords = {Data analysis, Recurrence plot, Nonlinear dynamics},
	Number = {5--6},
	Pages = {237--329},
	Pdf = {marwan\_PhysRep2007},
	Title = {Recurrence Plots for the Analysis of Complex Systems},
	Volume = {438},
	Year = {2007},
	doi = {10.1016/j.physrep.2006.11.001},
}


@article{Romano2009,
	Author = {M. C. Romano and M. Thiel and J. Kurths and K. Mergenthaler and R. Engbert},
	Doi = {10.1063/1.3072784},
	Journal = {{Chaos}},
	Number = {{1}},
	Pages = {{015108}},
	Title = {{Hypothesis test for synchronization: Twin surrogates revisited}},
	Volume = {{19}},
	Year = {{2009}},
	Bdsk-Url-1 = {http://dx.doi.org/10.1063/1.3072784}}

@mastersthesis{Feldhoff2011,

	Author = {Feldhoff, J.H.},

	School = {Humboldt University, Berlin},

	Title = {Multivariate extensions of recurrence network analysis},

	Year = {2011}}
	

@article{Zbilut1998,
title = "Detecting deterministic signals in exceptionally noisy environments using cross-recurrence quantification ",
journal = "Phys. Lett. A ",
volume = "246",
number = "1-2",
pages = "122 - 128",
year = "1998",
author = "Joseph P. Zbilut and Alessandro iani and Charles L. {Webber Jr.}",
doi = {10.1016/S0375-9601(98)00457-5},
}


@article{Eckmann1987,
	Abstract = {A new graphical tool for measuring the time constancy of dynamical systems is presented and illustrated with typical examples.},
	Author = {J.-P. Eckmann and S. Oliffson Kamphorst and D. Ruelle},
	Journal = {Europhys. Lett.},
	Number = {9},
	Pages = {973--977},
	Title = {Recurrence Plots of Dynamical Systems},
	Volume = {4},
	Year = {1987},
	doi={10.1209/0295-5075/4/9/004},
	}

@article{zbilut92,
	Abstract = {Recurrence plots have been advocated as a useful diagnostic tool for the assessment of dynamical time series. We extend the usefulness of this tool by quantifying certain features of these plots which may be helpful in determining embeddings and delays.},
	Annote = {Basics},
	Author = {J. P. Zbilut and C. L. {Webber Jr.}},
	Doi = {10.1016/0375-9601(92)90426-M},
	Journal = {Phys. Lett. A},
	Number = {3--4},
	Pages = {199--203},
	Pdf = {zbilut\_pla1992},
	Title = {Embeddings and delays as derived from quantification of recurrence plots},
	Volume = {171},
	Year = {1992},
	Bdsk-Url-1 = {http://dx.doi.org/10.1016/0375-9601(92)90426-M}}


@article{trulla96,
	Abstract = {Recurrence quantification analysis (RQA) detects state changes in drifting dynamical systems without necessitating anya priori constraining mathematical assumptions. Study of the logistic equation with transients posits that RQA may be ideal for analyzing complex biological systems whose equations are unknown and whose dynamics are characteristically non-linear and non-stationary.},
	Author = {L. L. Trulla and A. iani and J. P. Zbilut and C. L. {Webber Jr.}},
	Doi = {10.1016/S0375-9601(96)00741-4},
	Journal = {Phys. Lett. A},
	Number = {4},
	Pages = {255--260},
	Title = {Recurrence quantification analysis of the logistic equation with transients},
	Volume = {223},
	Year = {1996},
	Bdsk-Url-1 = {http://dx.doi.org/10.1016/S0375-9601(96)00741-4}}


@article{Fraser1986,
	Author = {A. M. Fraser and H. L. Swinney},
	Journal = {{Phys. Rev. A}},
	Number = {{2}},
	Pages = {{1134--1140}},
	Title = {{Independent coordinates for strange attractors from mutual information}},
	Volume = {{33}},
	Year = {{1986}},
	doi={10.1103/PhysRevA.33.1134},
	}

@article{Kennel1992,
	Author = {M. B. Kennel and R. Brown and H. D. I. Abarbanel},
	Journal = {{Phys. Rev. A}},
	Number = {6},
	Pages = {3403--3411},
	Title = {Determining embedding dimension for phase-space reconstruction using a geometrical construction},
	Volume = {45},
	Year = {1992},
	doi = {10.1103/PhysRevA.45.3403},
}


@article{Crowley2008,
	Author = {T. J. Crowley and W. T. Hyde},
	Doi = {10.1038/nature07365},
	Journal = {{Nature}},
	Number = {{7219}},
	Pages = {{226--230}},
	Title = {{Transient nature of late Pleistocene climate variability}},
	Volume = {{456}},
	Year = {{2008}},
	Bdsk-Url-1 = {http://dx.doi.org/10.1038/nature07365}}

@article{Horai2002,
	Author = {S. Horai and T. Yamada and K. Aihara},
	Journal = {{IEEJ Transactions on Electronics, Information and Systems}},
	Number = {{1}},
	Pages = {{141--147}},
	Title = {{Determinism analysis with iso-directional recurrence plots}},
	Volume = {{122}},
	Year = {{2002}}}

@article{Zou2005,
	Author = {Y. Zou and M. Thiel and M. C. Romano and Q. Bi and J. Kurths},
	Journal = {Int. J. Bifurcation Chaos},
	Number = {12},
	Pages = {3567--3579},
	Title = {Shrimp structure and associated dynamics in parametrically excited oscillators},
	Volume = {16},
	Year = {2006},
	doi = {10.1142/S0218127406016987 },
	}

@incollection{Takens1981,
	Author = {F. Takens},
	Booktitle = {Dynamical Systems and Turbulence, Warwick 1980},
	Doi = {10.1007/BFb0091924},
	Editor = {D. A. Rand and L.-S. Young},
	Pages = {366--381},
	Publisher = {Springer, New York},
	Series = {Lecture Notes in Mathematics},
	Title = {{Detecting strange attractors in turbulence}},
	Volume = {898},
	Year = {1981},
	Bdsk-Url-1 = {http://dx.doi.org/10.1007/BFb0091924}}

@article{Dombradi2007,
	Author = {E. Dombr{\'a}di and G. Tim{\'a}r and G. Bada and S. Cloetingh and F. Horv{\'a}th},
	Doi = {DOI: 10.1016/j.gloplacha.2007.02.011},
	Journal = {Global and Planetary Change},
	Number = {1-4},
	Pages = {197--213},
	Title = {Fractal dimension estimations of drainage network in the Carpathian-Pannonian system},
	Volume = {58},
	Year = {2007},
	Bdsk-Url-1 = {http://dx.doi.org/10.1016/j.gloplacha.2007.02.011}}

@article{Giuliani2002a,
	Author = {A. Giuliani and R. Benigni and J. P. Zbilut and C.L. Webber and P. Sirabella and A. Colosimo},
	Doi = {10.1021/cr0101499},
	Journal = {Chemical Reviews},
	Number = {5},
	Pages = {1471--1492},
	Title = {Nonlinear Signal Analysis Methods in the Elucidation of Protein Sequence --- Structure Relationships},
	Volume = {102},
	Year = {2002},
	Bdsk-Url-1 = {http://dx.doi.org/10.1021/cr0101499}}

@inproceedings{Marwan2008,
	Author = {N. Marwan and S. Schinkel and J. Kurths},
	Booktitle = {Proceedings of the 2008 International Symposium on Nonlinear Theory and its Applications NOLTA 2008, Budapest, Hungary, September 7-10, 2008},
	Pages = {{412--415}},
	Title = {{Significance for a recurrence based transition analysis}},
	Year = {{2008}}}

@article{Farmer1983,
	Author = {J. D. Farmer and E. Ott and J. A. Yorke},
	Doi = {10.1016/0167-2789(83)90125-2},
	Journal = {Physica D},
	Number = {1-3},
	Pages = {153--180},
	Title = {The dimension of chaotic attractors},
	Volume = {7},
	Year = {1983},
	Bdsk-Url-1 = {http://dx.doi.org/10.1016/0167-2789(83)90125-2}}

@article{Hunt1996,
	Author = {B. R. Hunt},
	Doi = {10.1088/0951-7715/9/4/001},
	Journal = {Nonlinearity},
	Number = {4},
	Pages = {845--852},
	Title = {Maximum local Lyapunov dimension bounds the box dimension of chaotic attractors},
	Volume = {9},
	Year = {1996},
	Bdsk-Url-1 = {http://dx.doi.org/10.1088/0951-7715/9/4/001}}

@article{Herrmann2003,
	Author = {C. Herrmann and M. Barth{\'e}lemy and P. Provero},
	Doi = {10.1103/PhysRevE.68.026128},
	Journal = {Phys. Rev. E},
	Number = {2},
	Pages = {026128},
	Title = {Connectivity distribution of spatial networks},
	Volume = {68},
	Year = {2003},
	Bdsk-Url-1 = {http://dx.doi.org/10.1103/PhysRevE.68.026128}}


@article{Barrat2000,
	Author = {A. Barrat and M. Weigt},
	Doi = {10.1007/s100510050067},
	Issue = {3},
	Journal = {Eur. Phys. J. B},
	Pages = {547--560},
	Title = {On the properties of small-world network models},
	Volume = {13},
	Year = {2000},
	Bdsk-Url-1 = {http://dx.doi.org/10.1007/s100510050067}}

@article{Newman2001,
	Author = {M. E. J. Newman},
	Doi = {10.1103/PhysRevE.64.016131},
	Journal = {Phys. Rev. E},
	Number = {1},
	Pages = {016131},
	Title = {Scientific collaboration networks. I. Network construction and fundamental results},
	Volume = {64},
	Year = {2001},
	Bdsk-Url-1 = {http://dx.doi.org/10.1103/PhysRevE.64.016131}}

@article{Szabo2003,
	Author = {G. Szab{\'o} and M. Alava and J. Kert{\'e}sz},
	Doi = {10.1103/PhysRevE.67.056102},
	Journal = {Phys. Rev. E},
	Number = {5},
	Pages = {056102},
	Title = {Structural transitions in scale-free networks},
	Volume = {67},
	Year = {2003},
	Bdsk-Url-1 = {http://dx.doi.org/10.1103/PhysRevE.67.056102}}

@article{Vazquez2003,
	Author = {A. V{\'a}zquez},
	Doi = {10.1103/PhysRevE.67.056104},
	Journal = {Phys. Rev. E},
	Number = {5},
	Pages = {056104},
	Title = {{Growing network with local rules: Preferential attachment, clustering hierarchy, and degree correlations}},
	Volume = {67},
	Year = {2003},
	Bdsk-Url-1 = {http://dx.doi.org/10.1103/PhysRevE.67.056104}}

@article{Dorogovstev2002,
	Author = {S. N. Dorogovtsev and A. V. Goltsev and J. F. F. Mendes},
	Doi = {10.1103/PhysRevE.65.066122},
	Journal = {Phys. Rev. E},
	Number = {6},
	Pages = {066122},
	Title = {Pseudofractal scale-free web},
	Volume = {65},
	Year = {2002},
	Bdsk-Url-1 = {http://dx.doi.org/10.1103/PhysRevE.65.066122}}

@article{Ravasz2003,
	Author = {E. Ravasz and A.-L. Barab{\'a}si},
	Doi = {10.1103/PhysRevE.67.026112},
	Journal = {Phys. Rev. E},
	Number = {2},
	Pages = {026112},
	Title = {Hierarchical organization in complex networks},
	Volume = {67},
	Year = {2003},
	Bdsk-Url-1 = {http://dx.doi.org/10.1103/PhysRevE.67.026112}}

@article{Ravasz2002,
	Author = {E. Ravasz and A. L. Somera and D. A. Mongru and Z. N. Oltvai and A.-L. Barabasi},
	Doi = {10.1126/science.1073374},
	Journal = {Science},
	Number = {5586},
	Pages = {1551--1555},
	Title = {{Hierarchical Organization of Modularity in Metabolic Networks}},
	Volume = {297},
	Year = {2002},
	Bdsk-Url-1 = {http://dx.doi.org/10.1126/science.1073374}}

@article{Faure1998,
	Author = {P. Faure and H. Korn},
	Doi = {10.1016/S0167-2789(98)00177-8},
	Journal = {{Physica D}},
	Number = {1-4},
	Pages = {265--279},
	Title = {{A new method to estimate the Kolmogorov entropy from recurrence plots: its application to neuronal signals}},
	Volume = {122},
	Year = {1998},
	Bdsk-Url-1 = {http://dx.doi.org/10.1016/S0167-2789(98)00177-8}}

@article{Grassberger1983PRL,
	Author = {P. Grassberger and I. Procaccia},
	Doi = {10.1103/PhysRevLett.50.346},
	Journal = {Phys. Rev. Lett.},
	Number = {5},
	Pages = {346--349},
	Title = {Characterization of strange attractors},
	Volume = {50},
	Year = {1983},
	Bdsk-Url-1 = {http://dx.doi.org/10.1103/PhysRevLett.50.346}}

@article{Mayer-Kress1988,
	Author = {G. Mayer-Kress and F. E. Yates and L. Benton and M. Keidel and W. Tirsch and S. J. P{\"o}ppl and K. Geist},
	Doi = {10.1016/0025-5564(88)90063-6},
	Journal = {{Mathematical Biosciences}},
	Number = {1-2},
	Pages = {155--182},
	Title = {Dimensional analysis of nonlinear oscillations in brain, heart, and muscle},
	Volume = {90},
	Year = {1988},
	Bdsk-Url-1 = {http://dx.doi.org/10.1016/0025-5564(88)90063-6}}

@article{Skinner1991,
	Author = {J. E. Skinner and C. Carpeggiani and C. E. Landisman and K. W. Fulton},
	Journal = {Circulation Research},
	Number = {4},
	Pages = {966--976},
	Title = {{Correlation dimension of heartbeat intervals is reduced in conscious pigs by myocardial ischemia}},
	Volume = {68},
	Year = {1991}}

@article{Zbilut1988,
	Author = {J. P. Zbilut and G. Mayer-Kress and K. Geist},
	Doi = {10.1016/0025-5564(88)90057-0},
	Journal = {{Mathematical Biosciences}},
	Number = {1-2},
	Pages = {49--70},
	Title = {Dimensional analysis of heart rate variability in heart transplant recipients},
	Volume = {90},
	Year = {1988},
	Bdsk-Url-1 = {http://dx.doi.org/10.1016/0025-5564(88)90057-0}}

@article{Nahshoni1998,
	Author = {E. Nahshoni and E. Adler and S. Laniado and G. Keren},
	Doi = {10.1016/S0306-9877(98)90030-5},
	Journal = {{Medical Hypotheses}},
	Number = {5},
	Pages = {367--376},
	Title = {Fractal organization of the pointwise correlation dimension of the heart rate},
	Volume = {51},
	Year = {1998},
	Bdsk-Url-1 = {http://dx.doi.org/10.1016/S0306-9877(98)90030-5}}

@article{Skinner1992,
	Author = {J. Skinner and M. Molnar and T. Vybiral and M. Mitra},
	Doi = {10.1007/BF02691091},
	Issue = {1},
	Journal = {Integrative Psychological and Behavioral Science},
	Pages = {39--53},
	Title = {Application of chaos theory to biology and medicine},
	Volume = {27},
	Year = {1992},
	Bdsk-Url-1 = {http://dx.doi.org/10.1007/BF02691091}}

@article{Skinner1993,
	Author = {J. E. Skinner and C. M. Pratt and T. Vybiral},
	Doi = {10.1016/0002-8703(93)90165-6},
	Journal = {{American Heart Journal}},
	Number = {3},
	Pages = {731--743},
	Title = {A reduction in the correlation dimension of heartbeat intervals precedes imminent ventricular fibrillation in human subjects},
	Volume = {125},
	Year = {1993},
	Bdsk-Url-1 = {http://dx.doi.org/10.1016/0002-8703(93)90165-6}}

@article{Reid2003,
	Author = {J. G. Reid and T. A. Trainor},
	Journal = {arXiv:math-ph/0305022},
	Title = {{Scale-local dimensions of strange attractors}},
	Year = {2003}}

@book{Felsner2004,
	Author = {S. Felsner},
	Edition = {Third},
	Publisher = {Vieweg, Wiesbaden},
	Title = {Geometric Graphs and Arrangements},
	Year = {2004}}

@book{Penrose2003,
	Author = {M. Penrose},
	Publisher = {Oxford University Press, Oxford},
	Title = {Random Geometric Graphs},
	Year = {2003}}

@inproceedings{Carreira-Perpinan2005,
	Author = {M. {\'A}. Carreira-Perpi{\~n}an and R. S. Zemel},
	Booktitle = {Advances in Neural Information Processing Systems 17 (NIPS 2004)},
	Editor = {L. K. Saul and Y. Weiss and L. Bottou},
	Pages = {{225--232}},
	Publisher = {MIT Press, Cambridge},
	Title = {{Proximity graphs for clustering and manifold learning}},
	Year = {{2005}}}

@book{Sprott2003,
	Author = {J. C. Sprott},
	Publisher = {Oxford University Press, Oxford},
	Title = {Chaos and Time-Series Analysis},
	Year = {2003}}

@book{Ott1993,
	Author = {E. Ott},
	Edition = {2nd},
	Publisher = {Cambridge University Press, Cambridge},
	Title = {Chaos in Dynamical Systems},
	Year = {2002}}

@article{Henon1976,
	Author = {M. H{\'e}non},
	Doi = {10.1007/BF01608556},
	Issue = {1},
	Journal = {Communications in Mathematical Physics},
	Pages = {69--77},
	Title = {A two-dimensional mapping with a strange attractor},
	Volume = {50},
	Year = {1976},
	Bdsk-Url-1 = {http://dx.doi.org/10.1007/BF01608556}}

@article{Veronig2000,
	Author = {A. Veronig and M. Messerotti and A. Hanslmeier},
	Journal = {Astronomy \& Astrophysics},
	Number = {1},
	Pages = {337--350},
	Title = {Determination of fractal dimensions of solar radio bursts},
	Volume = {357},
	Year = {2000}}

@article{Gratrix2004,
	Author = {S. Gratrix and J. N. Elgin},
	Doi = {10.1103/PhysRevLett.92.014101},
	Journal = {Phys. Rev. Letters},
	Number = {1},
	Pages = {014101},
	Title = {Pointwise Dimensions of the Lorenz Attractor},
	Volume = {92},
	Year = {2004},
	Bdsk-Url-1 = {http://dx.doi.org/10.1103/PhysRevLett.92.014101}}

@incollection{Kaplan1979,
	Author = {J. Kaplan and J. Yorke},
	Booktitle = {Functional Differential Equations and Approximation of Fixed Points},
	Doi = {10.1007/BFb0064319},
	Editor = {H.-O. Peitgen and H.-O. Walther},
	Pages = {204 -- 227},
	Publisher = {Springer Berlin / Heidelberg},
	Series = {Lecture Notes in Mathematics},
	Title = {Chaotic behavior of multidimensional difference equations},
	Volume = {730},
	Year = {1979},
	Bdsk-Url-1 = {http://dx.doi.org/10.1007/BFb0064319}}

@article{Gelfert2003,
	Author = {K. Gelfert},
	Doi = {10.4171/ZAA/1162},
	Journal = {Journal for Analysis and its Applications},
	Number = {3},
	Pages = {553--{\^A}?? 568},
	Title = {Maximum Local Lyapunov Dimension Bounds the Box Dimension. Direct Proof for Invariant Sets on Riemannian Manifolds},
	Volume = {22},
	Year = {2003},
	Bdsk-Url-1 = {http://dx.doi.org/10.4171/ZAA/1162}}


@article{Grassberger1983PLA,
	Author = {P. Grassberger},
	Doi = {10.1016/0375-9601(83)90753-3},
	Journal = {{Phys. Lett. A}},
	Number = {6},
	Pages = {227--230},
	Title = {Generalized dimensions of strange attractors},
	Volume = {97},
	Year = {1983},
	Bdsk-Url-1 = {http://dx.doi.org/10.1016/0375-9601(83)90753-3}}

@book{Mandelbrot1977,
	Author = {B. Mandelbrot},
	Publisher = {WH Freeman, San Francisco},
	Title = {Fractals: Form, Chance and Dimension},
	Year = {1977}}

@article{Thiel2004PLA,
	Author = {M. Thiel and M. C. Romano and J. Kurths},
	Doi = {10.1016/j.physleta.2004.07.050},
	Journal = {{Phys. Lett. A}},
	Number = {5},
	Pages = {343--349},
	Title = {{How much information is contained in a recurrence plot?}},
	Volume = {330},
	Year = {2004}
	}


@article{Tenenbaum2000,
	Author = {J. B. Tenenbaum and V. de Silva and J. C. Langford},
	Journal = {{Science}},
	Number = {5500},
	Pages = {2319--2323},
	Title = {{A global geometric framework for nonlinear dimensionality reduction}},
	Volume = {290},
	Year = {2000}}

@article{Buldyrev2010,
	Author = {S. V. Buldyrev and R. Parshani and G. Paul and H. E. Stanley and S. Havlin},
	Doi = {{10.1038/nature08932}},
	Journal = {{Nature}},
	Number = {7291},
	Pages = {1025--1028},
	Title = {{Catastrophic cascade of failures in interdependent networks}},
	Volume = {464},
	Year = {2010},
	Bdsk-Url-1 = {http://dx.doi.org/10.1038/nature08932%7D}}

@book{Borg2005,
	Author = {I. Borg and P. Groenen},
	Edition = {2nd},
	Publisher = {Springer, New York},
	Title = {Modern Multidimensional Scaling: theory and applications},
	Year = {2005}}

@article{Saiki2007,
	Author = {Y. Saiki},
	Journal = {{Nonlinear Processes in Geophysics}},
	Number = {5},
	Pages = {615--620},
	Title = {{Numerical detection of unstable periodic orbits in continuous-time dynamical systems with chaotic behaviors}},
	Volume = {14},
	Year = {2007}}


@article{Guillaume2006,
	Author = {J.-L. Guillaume and M. Latapy},
	Doi = {10.1016/j.physa.2006.04.047},
	Journal = {Physica A},
	Number = {2},
	Pages = {795--813},
	Title = {Bipartite graphs as models of complex networks},
	Volume = {371},
	Year = {2006},
	Bdsk-Url-1 = {http://dx.doi.org/10.1016/j.physa.2006.04.047}}

@article{Barber2007,
	Author = {M. J. Barber},
	Doi = {10.1103/PhysRevE.76.066102},
	Journal = {Phys. Rev. E},
	Number = {6},
	Pages = {066102},
	Title = {Modularity and community detection in bipartite networks},
	Volume = {76},
	Year = {2007},
	Bdsk-Url-1 = {http://dx.doi.org/10.1103/PhysRevE.76.066102}}

@article{Lehmann2008,
	Author = {S. Lehmann and M. Schwartz and L. K. Hansen},
	Doi = {10.1103/PhysRevE.78.016108},
	Journal = {Phys. Rev. E},
	Number = {1},
	Pages = {016108},
	Title = {Biclique communities},
	Volume = {78},
	Year = {2008},
	Bdsk-Url-1 = {http://dx.doi.org/10.1103/PhysRevE.78.016108}}

@article{Guimera2007,
	Author = {R. Guimer{\`a} and M. Sales-Pardo and L. A. N. Amaral},
	Doi = {10.1103/PhysRevE.76.036102},
	Journal = {Phys. Rev. E},
	Number = {3},
	Pages = {036102},
	Title = {Module identification in bipartite and directed networks},
	Volume = {76},
	Year = {2007},
	Bdsk-Url-1 = {http://dx.doi.org/10.1103/PhysRevE.76.036102}}

@article{Sawardecker2009,
	Author = {E. N. Sawardecker and C. A. Amundsen and M. Sales-Pardo and L. A. N. Amaral},
	Doi = {10.1140/epjb/e2009-00397-6},
	Issue = {4},
	Journal = {Eur. Phys. J. B},
	Pages = {671--677},
	Title = {Comparison of methods for the detection of node group membership in bipartite networks},
	Volume = {72},
	Year = {2009},
	Bdsk-Url-1 = {http://dx.doi.org/10.1140/epjb/e2009-00397-6}}

@article{Lind2005,
	Author = {P. G. Lind and M. C. Gonz{\'a}lez and H. J. Herrmann},
	Doi = {10.1103/PhysRevE.72.056127},
	Journal = {Phys. Rev. E},
	Number = {5},
	Pages = {056127},
	Title = {Cycles and clustering in bipartite networks},
	Volume = {72},
	Year = {2005},
	Bdsk-Url-1 = {http://dx.doi.org/10.1103/PhysRevE.72.056127}}

@article{Guillaume2004,
	Author = {J.-L. Guillaume and M. Latapy},
	Doi = {10.1016/j.ipl.2004.03.007},
	Journal = {Inform. Process. Lett.},
	Number = {5},
	Pages = {215--221},
	Title = {Bipartite structure of all complex networks},
	Volume = {90},
	Year = {2004},
	Bdsk-Url-1 = {http://dx.doi.org/10.1016/j.ipl.2004.03.007}}

@inproceedings{Murata2009,
	Address = {Washington, DC, USA},
	Author = {T. Murata},
	Booktitle = {Proceedings of the 2009 International Conference on Computational Science and Engineering - Volume 04},
	Doi = {10.1109/CSE.2009.81},
	Pages = {50--57},
	Publisher = {IEEE Computer Society},
	Title = {Detecting Communities from Bipartite Networks Based on Bipartite Modularities},
	Year = {2009},
	Bdsk-Url-1 = {http://dx.doi.org/10.1109/CSE.2009.81}}

@inproceedings{Suzuki2009,
	Address = {Washington, DC, USA},
	Author = {K. Suzuki and K. Wakita},
	Booktitle = {Proceedings of the 2009 International Conference on Computational Science and Engineering - Volume 04},
	Doi = {10.1109/CSE.2009.451},
	Pages = {312--319},
	Publisher = {IEEE Computer Society},
	Title = {Extracting Multi-facet Community Structure from Bipartite Networks},
	Year = {2009},
	Bdsk-Url-1 = {http://dx.doi.org/10.1109/CSE.2009.451}}

@inproceedings{Du2008,
	Address = {Washington, DC, USA},
	Author = {N. Du and B. Wang and B. Wu and Y. Wang},
	Booktitle = {Proceedings of the 2008 IEEE/WIC/ACM International Conference on Web Intelligence and Intelligent Agent Technology - Volume 01},
	Doi = {10.1109/WIIAT.2008.98},
	Pages = {176--179},
	Publisher = {IEEE Computer Society},
	Title = {Overlapping Community Detection in Bipartite Networks},
	Year = {2008},
	Bdsk-Url-1 = {http://dx.doi.org/10.1109/WIIAT.2008.98}}


@book{Pikovsky_Kurths_synchr,
	Author = {A. Pikovsky and M. Rosenblum and J. Kurths},
	Publisher = {Cambridge University Press},
	Title = {Synchronization -- A Universal Concept in Nonlinear Sciences},
	Year = {2001}}

@article{Romano_pre_2007,
	Author = {M. C. Romano and M. Thiel and J. Kurths and C. Grebogi},
	Doi = {10.1103/PhysRevE.76.036211},
	Journal = {Phys. Rev. E},
	Number = {3},
	Pages = {036211},
	Title = {Estimation of the direction of the coupling by conditional probabilities of recurrence},
	Volume = {76},
	Year = {2007},
	Bdsk-Url-1 = {http://dx.doi.org/10.1103/PhysRevE.76.036211}}

@article{staniek_prl2008,
	Author = {M. Staniek and K. Lehnertz},
	Doi = {10.1103/PhysRevLett.100.158101},
	Journal = {Phys. Rev. Letters},
	Number = {15},
	Pages = {158101},
	Publisher = {APS},
	Title = {Symbolic Transfer Entropy},
	Volume = {100},
	Year = {2008},
	Bdsk-Url-1 = {http://dx.doi.org/10.1103/PhysRevLett.100.158101}}


@article{Granger1969,
	Author = {C. W. J. Granger},
	Journal = {Econometrica},
	Number = {3},
	Pages = {424--438},
	Title = {Investigating Causal Relations by Econometric Models and Cross-spectral Methods},
	Volume = {37},
	Year = {1969}}

@article{Ancona2004,
	Author = {Nicola Ancona and Daniele Marinazzo and Sebastiano Stramaglia},
	Doi = {10.1103/PhysRevE.70.056221},
	Journal = {Phys. Rev. E},
	Number = {5},
	Pages = {056221},
	Title = {Radial basis function approach to nonlinear Granger causality of time series},
	Volume = {70},
	Year = {2004},
	Bdsk-Url-1 = {http://dx.doi.org/10.1103/PhysRevE.70.056221}}

@article{Chen2004,
	Author = {Yonghong Chen and Govindan Rangarajan and Jianfeng Feng and Mingzhou Ding},
	Doi = {10.1016/j.physleta.2004.02.032},
	Journal = {Phys. Lett. A},
	Number = {1},
	Pages = {26--35},
	Title = {Analyzing multiple nonlinear time series with extended Granger causality},
	Volume = {324},
	Year = {2004},
	Bdsk-Url-1 = {http://dx.doi.org/10.1016/j.physleta.2004.02.032}}


@incollection{Donner2011Extremis,
	Author = {Reik Donner},
	Booktitle = {In Extremis},
	Doi = {10.1007/978-3-642-14863-7\_14},
	Editor = {J{\"u}rgen Kropp and Hans-Joachim Schellnhuber},
	Pages = {286--313},
	Publisher = {Springer Berlin Heidelberg},
	Title = {Spatial Correlations of River Runoffs in a Catchment},
	Year = {2011},
	Bdsk-Url-1 = {http://dx.doi.org/10.1007/978-3-642-14863-7%5C_14}}

@article{Kitsak2011,
	Author = {M. Kitsak and D. Krioukov},
	Journal = {Phys. Rev. E},
	Pages = {026114},
	Title = {{Hidden variables in bipartite networks}},
	Volume = {84},
	Year = {2011},
	doi = {10.1103/PhysRevE.84.026114},
	}


@article{Efron1979,
	Author = {B. Efron},
	Journal = {The Annals of Statistics},
	Number = {1},
	Pages = {1--26},
	Title = {Bootstrap methods: another look at the jackknife},
	Volume = {7},
	Year = {1979}}

@article{Roessler1976,
	Author = {O. E. R{\"o}ssler},
	Journal = {Phys. Lett. A},
	Number = {5},
	Pages = {397--398},
	Title = {An equation for continuous chaos},
	Volume = {57},
	Year = {1976},
	doi={10.1016/0375-9601(76)90101-8},
	}

@article{wolf1985,
	Author = {A. Wolf and J. B. Swift and H. L. Swinney and J. A. Vastano},
	Journal = {Physica D},
	Number = {3},
	Pages = {285--317},
	Title = {Determining {L}yapunov exponents from a time series},
	Volume = {16},
	Year = {1985},
	doi = {10.1016/0167-2789(85)90011-9},
	}

@book{kantz1997,
	Author = {H. Kantz and T. Schreiber},
	Publisher = {Cambridge University Press},
	Title = {Nonlinear time series analysis},
	edition = {2nd}, 
	Year = {2004}}

@article{Maraun2005,
Author = {Maraun, D and Kurths, J},
Title = {{Epochs of phase coherence between El Nino/Southern Oscillation and
   Indian monsoon}},
Journal = {{Geophysical Research Letters}},
Year = {{2005}},
Volume = {{32}},
Number = {{15}},
DOI = {{10.1029/2005GL023225}},
Article-Number = {{L15709}},
}

@article{Rehfeld2012,
	Author = {Rehfeld, K. and Marwan, N. and Breitenbach, S. F. M. and Kurths, J.},
	Date-Added = {2013-02-15 12:17:58 +0000},
	Date-Modified = {2013-02-18 15:32:50 +0000},
	Doi = {10.1007/s00382-012-1448-3},
	Journal = {Clim. Dyn.},
	Title = {{Late Holocene Asian summer monsoon dynamics from small but complex networks of paleoclimate data}},
	Year = {in press},
	Bdsk-Url-1 = {http://dx.doi.org/10.1007/s00382-012-1448-3}}

@ARTICLE{Wu2012,
   author = {{Wu}, R. and {Chen}, J. and {Chen}, W.},
    title = "{Different Types of ENSO Influences on the Indian Summer Monsoon Variability}",
  journal = {Journal of Climate},
     year = 2012,
   volume = 25,
    pages = {903-920},
      doi = {10.1175/JCLI-D-11-00039.1},
}



@article{Schiff1996,
  title = {Detecting dynamical interdependence and generalized synchrony through mutual prediction in a neural ensemble},
  author = {Schiff, Steven J. and So, Paul and Chang, Taeun and Burke, Robert E. and Sauer, Tim},
  journal = {Phys. Rev. E},
  volume = {54},
  issue = {6},
  pages = {6708--6724},
  year = {1996},
  doi = {10.1103/PhysRevE.54.6708},
}

@article{Arnhold1999,
title = "A robust method for detecting interdependences: application to intracranially recorded EEG",
journal = "Physica D",
volume = "134",
number = "4",
pages = "419 -- 430",
year = "1999",
note = "",
issn = "0167-2789",
doi = "10.1016/S0167-2789(99)00140-2",
author = "J. Arnhold and P. Grassberger and K. Lehnertz and C.E. Elger",
}

@article{Eckmann1985,
 author = {J. P. Eckmann and D. Ruelle},
title = {Ergodic theory of chaos and strange attractors},
 journal = {Rev. Mod. Phys.},
 volume = {57},
 pages = {617-656},
 year = {1985},
doi = {10.1103/RevModPhys.57.617},
 }

@phdthesis{Donges2012PhD,
	Author = {J.~F. Donges},
	School = {Humboldt University, Berlin},
	Title = {Functional network macroscopes for probing past and present Earth system dynamics: Complex hierarchical interactions, tipping points, and beyond},
	Year = {2012}}

@article{Prichard1995,
 author = {Prichard, D. and Theiler, J.},
 title = {Generalized redundancies for time series analysis},
 journal = {Physica D},
 year = {1995},
 volume = {84},
 pages = {476-493}, 
 doi = {10.1016/0167-2789(95)00041-2},
}

@article{Palus1995,
 author = {Palu\v{s}, M.},
 title = {Testing for nonlinearity using redundancies: quantitative and qualitative aspects},
 journal = {Physica D},
 year = {1995},
 volume = {80}, 
 pages = {186-205}, 
 doi = {10.1016/0167-2789(95)90079-9},
}

@incollection{Donner2015RPBook,
author="Donner, Reik V. and Donges, Jonathan F. and Zou, Yong and Feldhoff Jan H.",
editor="Webber, Jr., Charles L.
and Marwan, Norbert",
title="Complex Network Analysis of Recurrences",
bookTitle="Recurrence Quantification Analysis: Theory and Best Practices",
year="2015",
publisher="Springer International Publishing",
address="Cham",
pages="101 -- 163",
isbn="978-3-319-07155-8",
doi="10.1007/978-3-319-07155-8_4",
}

@incollection{Lange2013Book,
author="Lange, Holger
and Boese, Sven",
editor="Webber, Jr., Charles L.
and Marwan, Norbert",
title="Recurrence Quantification and Recurrence Network Analysis of Global Photosynthetic Activity",
bookTitle="Recurrence Quantification Analysis: Theory and Best Practices",
year="2015",
publisher="Springer International Publishing",
address="Cham",
pages="349--374",
isbn="978-3-319-07155-8",
doi="10.1007/978-3-319-07155-8_12",
}

@mastersthesis{Boese2012,

	Author = {B\"ose, S.},

	School = {University of Bayreuth},

	Title = {Recurrence network analysis of remote sensing data},

	Year = {2012}}
	
@article{donges2013advanced,
title={Advanced functional network analysis in the geosciences: The pyunicorn package},
author={Donges, Jonathan F and Heitzig, Jobst and Runge, Jakob and Schultz, Hanna CH and Wiedermann, Marc and Zech, Alraune and Feldhoff, Jan and Rheinwalt, Aljoscha and Kutza, Hannes and Radebach, Alexander and others},
journal={Geophys. Res. Abstr.},
volume={15},
pages={3558},
year={2013},
}

@book{Lichtenberg_Lieberman_regular,
  author   = {A.J. Lichtenberg and M.A. Lieberman},
  title    = {Regular and Chaotic Dynamics},
  publisher= {Springer, Berlin},
  edition  = {Second},
  year     = {1992},
}

@article{Chirikov_physicaD_1984,
    author  = {B. V. Chirikov and D. L. Shepelyansky},
    title   = {Correlation properties of dynamical chaos in {H}amiltonian systems},
    journal = {Physica D},
    year    = {1984},
    volume  = {13},
    number  = {3},
    pages   = {395-400},
}

@article{Zaslavsky_phyrep_2002,
    author = { G.M. Zaslavsky},
    title  = { Chaos, fractional kinetics, and anomalous transport },
    journal= { Phys. Rep.},
    year   = { 2002},
    volume = {371},
    number = {},
    pages  = {461-580},
}


@article{Watts1998,
	Author = {D. J. Watts and S. H. Strogatz},
	Doi = {10.1038/30918},
	Journal = {Nature},
	Number = {6684},
	Pages = {440--442},
	Title = {Collective dynamics of ``small-world" networks},
	Volume = {393},
	Year = {1998},
	Bdsk-Url-1 = {http://dx.doi.org/10.1038/30918}}

@article{Milo2002,
	Author = {R. Milo and S. Shen-Orr and S. Itzkovitz and N. Kashtan and D. Chklovskii and U. Alon},
	Journal = {Science},
	Number = {{5594}},
	Pages = {{824--827}},
	Title = {{Network motifs: Simple building blocks of complex networks}},
	Volume = {{298}},
	Year = {{2002}}}

@article{Milgram1967,
	Author = {S. Milgram},
	Journal = {{Psychology Today}},
	Number = {{1}},
	Pages = {{61--67}},
	Title = {{Small-world problem}},
	Volume = {{1}},
	Year = {{1967}}}

@book{Kuznetsov2004,
	Author = {Yu. A. Kuznetsov},
	Edition = {Third},
	Publisher = {Springer, New York},
	Title = {Elements of applied bifurcation analysis},
	Year = {2004}}

@article{Dall2002,
	Author = {J. Dall and M. Christensen},
	Doi = {10.1103/PhysRevE.66.016121},
	Journal = {Phys. Rev. E},
	Number = {1},
	Numpages = {9},
	Pages = {016121},
	Title = {Random geometric graphs},
	Volume = {66},
	Year = {2002},
	Bdsk-Url-1 = {http://dx.doi.org/10.1103/PhysRevE.66.016121}}	
	
@article{Faure2010,
author = {P. Faure and A. Lesne},
title = {Recurrence plots for symbolic sequences},
year = {2010},
journal = {Int. J. Bifurcation Chaos},
volume = {20},
number = {6},
pages = {1731--1749},
doi = {10.1142/S0218127410026794},
}

@article{Donner2010Nolta,
	Author = {R. V. Donner and J. F. Donges and Y. Zou and N. Marwan and J. Kurths},
	Journal = {Proc. NOLTA 2010},
	Pages = {87--90},
	Title = {{Recurrence-based evolving networks for time series analysis of complex systems}},
	Year = {2010}}

@article{Lathrop1989,
	Author = {D. P. Lathrop and E. J. Kostelich},
	Journal = {{Phys. Rev. A}},
	Number = {7},
	Pages = {4028--4031},
	Title = {{Characterization of an experimental strange attractor by periodic-orbits}},
	Volume = {40},
	Year = {1989},
	doi={10.1103/PhysRevA.40.4028},
	}

@article{marwan2002,
	Abstract = {The method of recurrence plots is extended to the cross recurrence plots (CRP) which, among others, enables the study of synchronization or time differences in two time series. This is emphasized in a distorted main diagonal in the cross recurrence plot, the line of synchronization (LOS). A non-parametrical fit of this LOS can be used to rescale the time axis of the two data series (whereby one of them is compressed or stretched) so that they are synchronized. An application of this method to geophysical sediment core data illustrates its suitability for real data. The rock magnetic data of two different sediment cores from the Makarov Basin can be adjusted to each other by using this method, so that they are comparable.},
	Annote = {Basics},
	Author = {N. Marwan and M. Thiel and N. R. Nowaczyk},
	Journal = {Nonlinear Processes in Geophysics},
	Number = {3/4},
	Pages = {325--331},
	Pdf = {marwan\_npg2002},
	Sref = {1607-7946/npg/2002-9-325},
	Title = {{Cross Recurrence Plot Based Synchronization of Time Series}},
	Volume = {9},
	Year = {2002}}

@article{Fortunato2010,
	Author = {S. Fortunato},
	Doi = {10.1016/j.physrep.2009.11.002},
	Journal = {Phys. Rep.},
	Number = {3-5},
	Pages = {75--174},
	Title = {Community detection in graphs},
	Volume = {486},
	Year = {2010},
	Bdsk-Url-1 = {http://dx.doi.org/10.1016/j.physrep.2009.11.002}}


@article{Zhang2008PhysA,
	Author = {P. Zhang and J. Wang and X. Li and M. Li and Z. Di and Y. Fan},
	Doi = {10.1016/j.physa.2008.09.006},
	Journal = {Physica A},
	Number = {27},
	Pages = {6869--6875},
	Title = {Clustering coefficient and community structure of bipartite networks},
	Volume = {387},
	Year = {2008},
	Bdsk-Url-1 = {http://dx.doi.org/10.1016/j.physa.2008.09.006}}


@article{Girvan2002,
	Author = {M. Girvan and M. E. J. Newman},
	Doi = {10.1073/pnas.122653799},
	Journal = {{Proceedings of the National Academy of Sciences USA}},
	Number = {{12}},
	Pages = {{7821--7826}},
	Title = {{Community structure in social and biological networks}},
	Volume = {{99}},
	Year = {{2002}},
	Bdsk-Url-1 = {http://dx.doi.org/10.1073/pnas.122653799}}

@article{Newman2004,
	Author = {M. E. J. Newman},
	Doi = {10.1140/epjb/e2004-00124-y},
	Journal = {{Eur. Phys. J. B}},
	Number = {{2}},
	Pages = {{321--330}},
	Title = {{Detecting community structure in networks}},
	Volume = {{38}},
	Year = {{2004}},
	Bdsk-Url-1 = {http://dx.doi.org/10.1140/epjb/e2004-00124-y}}
	
	@article{romano2007,
	Abstract = {We introduce a method to detect and quantify the asymmetry of the coupling between two interacting systems based on their recurrence properties. This method can detect the direction of the coupling in weakly as well as strongly coupled systems. It even allows detecting the asymmetry of the coupling in the more challenging case of structurally different systems and it is very robust against noise. We also address the problem of detecting the asymmetry of the coupling in passive experiments, i.e., when the strength of the coupling cannot be systematically changed, which is of great relevance for the analysis of experimental time series.},
	Annote = {Basics},
	Author = {M. C. Romano and M. Thiel and J. Kurths and C. Grebogi},
	Doi = {10.1103/PhysRevE.76.036211},
	Journal = {Phys. Rev. E},
	Number = {3},
	Pages = {036211},
	Pdf = {romano\_PRE2007},
	Title = {Estimation of the direction of the coupling by conditional probabilities of recurrence},
	Volume = {76},
	Year = {2007},
	Bdsk-Url-1 = {http://dx.doi.org/10.1103/PhysRevE.76.036211}}

@article{romano2005,
	Abstract = {We present a new method to detect phase as well as generalized synchronization in a wide class of complex systems. It is based on the recurrences of the system's trajectory to the neighborhood of a former state in phase space. We illustrate the applicability of the algorithm for the paradigmatic chaotic R?sler system in the funnel regime and for noisy data, where other methods to detect phase synchronization fail. Furthermore, we demonstrate for electrochemical experiments that the method can easily detect phase and generalized synchronization in non-phase-coherent and even non-stationary time series.},
	Annote = {Basics},
	Author = {M. C. Romano and M. Thiel and J. Kurths and I. Z. Kiss and J. Hudson},
	Doi = {10.1209/epl/i2005-10095-1},
	Journal = {Europhysics Letters},
	Keywords = {oscillations, chaos, and bifurcations, data analysis (interconversion of data computation of relaxation and retardation spectra, time-temperature superposition, etc.)},
	Number = {3},
	Pages = {466--472},
	Pdf = {romano\_EPL2005},
	Title = {Detection of synchronization for non-phase-coherent and non-stationary data},
	Volume = {71},
	Year = {2005},
	Bdsk-Url-1 = {http://dx.doi.org/10.1209/epl/i2005-10095-1}}

@article{romano2004,
	Abstract = {We propose a new approach to calculate recurrence plots of multivariate time series, based on joint recurrences in phase space. This new method allows to estimate dynamical invariants of the whole system, like the joint R?yi entropy of second order. We use this entropy measure to quantitatively study in detail the phase synchronization of two bidirectionally coupled chaotic systems and identify different types of transitions to chaotic phase synchronization in dependence on the coupling strength and the frequency mismatch. By means of this analysis we find several new phenomena, such a chaos-period-chaos transition to phase synchronization for rather large coupling strengths.},
	Annote = {Basics},
	Author = {M. C. Romano and M. Thiel and J. Kurths and W. {von Bloh}},
	Doi = {10.1016/j.physleta.2004.07.066},
	Journal = {Phys. Lett. A},
	Number = {3--4},
	Pages = {214--223},
	Pdf = {romano\_PLA\_2004},
	Title = {{Multivariate Recurrence Plots}},
	Volume = {330},
	Year = {2004},
	Bdsk-Url-1 = {http://dx.doi.org/10.1016/j.physleta.2004.07.066}}


@article{Nagy1994,
title = "Terrain visibility",
journal = "Computers \& Graphics",
volume = "18",
number = "6",
pages = "763 - 773",
year = "1994",
issn = "0097-8493",
doi = "https://doi.org/10.1016/0097-8493(94)90002-7",
author = "George Nagy"
}

@article{Lozano1979, 
author  = {Tom\'as Lozano-P\'erez and Michael A. Wesley},
title    = {An algorithm for planning collision-free paths among polyhedral obstacles}, 
journal = {Communications of the ACM}, 
year = {1979}, 
volume = {22}, 
number = {10}, 
pages = {560-570},
doi  = {10.1145/359156.359164},
}  

@article{Weiss1975, 
title={Time-reversibility of linear stochastic processes}, 
volume={12}, 
DOI={10.2307/3212735}, 
number={4}, 
journal={Journal of Applied Probability}, 
publisher={Cambridge University Press}, 
author={Weiss, Gideon}, 
year={1975}, 
pages={831?836}}
